3134 4998
729 353 770 418 31

193 549 274 613 mins
289 551 436 614 accurate
451 547 653 632 responsione
669 552 762 628 caret,
788 550 863 616 579.
887 551 1078 636 πημοσίιναις,
1098 545 1142 637 ἐή,
1168 551 1241 616 689.
1266 547 1307 624 τίς

193 654 289 721 ἀκοὰν
303 653 386 742 ἐμάν,
407 656 489 733 691,
514 677 607 738 quem
623 661 733 720 nostra
746 657 903 722 sententia
917 657 1111 721 restituimus
1125 657 1307 723 dochmium

189 768 316 851 πήματα
343 763 452 849 δείματ’
476 760 567 850 ἄμμ.
612 763 700 828 Haec
732 765 832 830 altera
861 763 998 829 dochmii
1022 763 1126 828 forma
1149 764 1306 851 Aeschylo

189 870 370 956 gratissima
407 872 466 948 cst,
507 873 540 934 at
571 893 628 954 per
663 874 748 936 totas
779 871 926 955 strophas
957 873 1079 957 regnet.
1125 871 1180 937 cfr.
1219 871 1304 956 Sept.

192 978 376 1043 oea-694.

259 1083 429 1150 Dochmius
449 1086 614 1170 μεσὰλαγος
633 1085 692 1150 hac
708 1086 809 1169 specie
842 1125 1107 1145 ------
1137 1091 1306 1171 usurpatus

191 1194 237 1255 est
259 1193 292 1255 in
305 1213 344 1280 ν.
369 1191 442 1258 573.
465 1194 613 1276 παραλίαν
636 1197 759 1279 ψάμμαν
781 1215 883 1276 neque
908 1193 1081 1276 Aeschylus
1104 1217 1175 1259 eum
1198 1196 1231 1259 in
1256 1219 1304 1260 re-

189 1300 282 1383 liquis
306 1299 421 1364 fabulis
444 1322 508 1365 non
533 1300 637 1364 habet.
684 1300 774 1365 Unus
797 1301 1019 1366 tantummodo
1044 1302 1216 1381 dochmius,
1250 1305 1305 1387 qui

188 1412 235 1470 est
258 1404 445 1494 ἀμφάλονος,
478 1407 683 1473 offensionem
705 1410 812 1472 movet
843 1431 871 1472 v.
895 1409 969 1473 692.
1003 1406 1067 1497 ἀμφ
1088 1405 1094 1494 l
1112 1415 1177 1496 ν’ριει
1199 1415 1305 1496 νέντριρ

188 1515 225 1598 ψίι
245 1510 250 1600 l
271 1536 341 1599 χειν.
379 1512 438 1578 Sed
454 1535 493 1578 ne
509 1515 579 1598 quis
594 1514 765 1598 opprobrio
789 1514 868 1578 mihi
890 1513 996 1594 faciat,
1020 1517 1110 1599 quasi
1125 1539 1194 1582 mea
1209 1519 1305 1601 ipsius

186 1620 406 1685 emendatione
430 1621 513 1691 hunc
537 1620 717 1686 dochmiurn
741 1621 912 1701 intulerim,
946 1622 1041 1686 etiam
1073 1629 1195 1688 servata
1218 1626 1304 1689 codi-

185 1750 260 1792 cum
290 1729 447 1812 scriptura
475 1729 552 1793 baec
576 1729 711 1794 dochmii
744 1728 848 1794 forma
880 1751 945 1793 non
976 1732 1129 1794 mutatur.
1176 1731 1304 1797 Talibus

186 1857 261 1900 vero
285 1834 444 1912 dochmiis,
469 1836 582 1918 quibus
598 1835 769 1919 Sophocles
792 1835 948 1900 rarissime
967 1835 1062 1919 idque
1077 1838 1111 1901 in
1127 1839 1303 1903 novissimis

187 1940 311 2020 fabulis,
335 1945 373 2006 ut
395 1941 529 2007 Philoct.
554 1942 629 2008 510.
654 1941 756 2029 ἔχθεις
778 1939 941 2028 Ἀτρείδας,
969 1945 1080 2022 utitur,
1114 1945 1233 2028 primus
1255 1947 1303 2010 la·

185 2048 298 2113 tiorem
322 2071 412 2114 usum
435 2050 587 2114 concessit
599 2049 775 2133 Euripides,
799 2054 836 2115 ut
858 2049 891 2114 in
909 2049 1060 2118 Androm.
1078 2052 1151 2118 860.
1175 2049 1302 2138 ἢδοιίλα

185 2157 305 2233 hother,
328 2157 441 2223 Bacch.
458 2157 554 2222 1160.
578 2154 700 2243 Βάκχαι
715 2155 873 2243 Καδμεῖαι,
897 2158 967 2223 aliis
989 2137 1074 2251 locis,
1099 2181 1177 2244 quos
1191 2161 1302 2225 afferre

185 2287 293 2329 omnes
325 2266 463 2330 alienum
496 2269 553 2330 est.
607 2263 643 2327 ld
677 2267 784 2328 tamen
817 2264 960 2328 additum
992 2265 1099 2342 velim,
1137 2266 1302 2353 plerosque

185 2370 344 2436 dochmios
367 2369 561 2459 ἀμφαλόγαιις
576 2370 760 2455 Euripidem
775 2371 934 2435 admisisse
948 2372 982 2434 in
996 2373 1196 2453 carminibus,
1221 2397 1301 2459 quae

187 2481 340 2542 vocantur
363 2477 422 2542 ἀπὸ
444 2491 565 2566 σκηνῆς.
613 2479 786 2542 Dochmius
808 2478 1082 2561 hypercatalectus
1108 2479 1156 2543 bis
1178 2481 1301 2546 inveni·

185 2586 240 2648 tur
262 2584 296 2648 in
319 2606 368 2648 vv.
385 2567 458 2650 572.
483 2585 549 2649 ἀλλ’
574 2583 626 2672 ἐμὲ
647 2588 700 2650 τὰν
721 2587 870 2661 τάλαιναν,
893 2586 968 2652 580.
993 2586 1025 2649 δὲ
1038 2586 1149 2673 δείματι
1164 2587 1300 2653 δειλαίαν.

186 2689 277 2766 Quod
310 2690 349 2755 ad
383 2713 574 2756 caesuram
606 2692 738 2772 attinet,
775 2693 918 2779 legitima
949 2693 1147 2777 maximeque
1183 2695 1301 2760 usitata

185 2798 267 2862 ratio
290 2801 345 2876 est,
378 2801 415 2862 ut
443 2820 513 2863 cum
536 2801 647 2882 quovis
670 2799 816 2888 doehmio
840 2801 937 2865 etiam
959 2800 1147 2865 vocabulum
1169 2801 1300 2867 finiatur

186 2905 322 2989 exceptis
346 2904 467 2970 duobus
489 2906 574 2985 locis,
606 2906 660 2970 uhi
683 2908 872 2971 vocabulum
904 2909 988 2972 iuter
1019 2908 1109 2973 binos
1137 2908 1298 2974 dochmios

183 3012 379 3092 distrahitur,
403 3014 439 3077 iu
462 3036 489 3079 v.
504 3014 578 3080 574.
601 3011 656 3078 but
681 3015 712 3078 δὲ
734 3016 873 3100 κηρόπλα
892 3013 897 3099 Ι
917 3037 986 3088 στος
1008 3012 1105 3098 ὀτοβεῖ
1128 3017 1225 3092 δόναξ,
1249 3018 1299 3082 cui

182 3121 214 3183 in
238 3120 438 3205 antistrophe
462 3124 607 3186 accurate
630 3121 799 3205 respondet
820 3123 914 3186 πόθεν
936 3117 1009 3208 ἐμοῦ
1024 3123 1059 3184 ob
1081 3127 1192 3207 πατρὸς
1215 3122 1297 3210 ὄνομ’

183 3223 297 3303 ἀπίεις;
330 3231 363 3291 et
394 3230 467 3294 691.
499 3233 623 3314 πήματα
650 3228 759 3315 δείματ’
788 3225 852 3314 ἀμφ
877 3225 882 3311 l
906 3233 971 3314 ήιιει
1002 3233 1109 3314 κέντρῳ
1138 3232 1177 3316 db
1200 3232 1210 3314 ’1
1238 3254 1300 3317 χειν

183 3335 279 3419 ψυχὰν
300 3332 384 3421 ἐμάν,
417 3356 479 3418 quo
511 3335 544 3398 in
572 3336 716 3400 trimetro
740 3335 828 3419 optio
852 3335 942 3401 nobis
964 3336 1068 3415 datur,
1092 3340 1201 3402 utrum
1225 3328 1296 3404 eum

181 3440 215 3504 in
237 3444 301 3505 tres
324 3447 538 3507 monometros
561 3442 736 3507 dividamus
759 3465 801 3508 an
817 3442 894 3508 duas
908 3443 974 3508 eius
989 3449 1096 3528 partes
1109 3449 1295 3524 statuamus,

180 3550 217 3612 ut
239 3548 339 3614 altera
366 3550 408 3613 sit
434 3550 507 3622 ποὺς
530 3547 785 3637 ἑιιιιαιδειιάαημος
808 3549 838 3616 ἐν
860 3552 940 3634 λόγῳ
961 3549 1027 3637 ἴσῳ,
1058 3551 1158 3617 altera
1185 3575 1297 3617 mono·

179 3658 316 3720 metrum
340 3656 578 3740 complectatur.
618 3656 677 3723 Sed
702 3657 740 3722 de
763 3657 915 3723 dochmiis
928 3659 1005 3723 haec
1020 3659 1180 3726 hactenus.
1214 3660 1296 3736 Quid

179 3764 274 3827 ceteri
297 3762 431 3843 ordines,
465 3765 518 3848 qui
547 3786 618 3828 cum
646 3763 708 3828 illis
735 3766 881 3849 strophas
908 3765 1071 3832 efficiunt?
1117 3766 1200 3830 Nam
1224 3789 1295 3832 cum

180 3867 317 3934 dochmii
349 3892 387 3934 ex
418 3870 550 3955 pedibus
579 3873 703 3957 generis
735 3873 884 3936 διπλασίου
916 3876 948 3938 et
976 3869 1108 3960 ἡμιολία)
1139 3879 1293 3955 constent,

178 3977 343 4061 utriusque
365 3979 490 4063 generis
512 3977 636 4043 ordines
660 3978 812 4044 dochmiis
832 3980 1036 4046 intermisceri
1051 3987 1293 4048 consentaneum

178 4090 234 4148 est.
282 4083 394 4167 Itaque
426 4086 542 4164 cretici,
574 4087 611 4150 ut
642 4087 719 4151 istos
747 4087 780 4151 in
804 4085 910 4152 fronte
933 4109 1061 4171 ponam,
1094 4088 1203 4154 crebro
1236 4111 1294 4154 usu

178 4191 390 4256 nobilitantur
413 4193 459 4256 ita
481 4199 518 4258 ut
541 4192 701 4259 dochmios
732 4194 826 4287 modo
849 4194 1047 4274 antecedant,
1080 4195 1173 4262 modo
1205 4201 1293 4280 post-

177 4300 348 4381 ponantur,
382 4300 476 4363 modo
509 4301 604 4366 medii
637 4301 790 4366 dochmiis
826 4301 1067 4367 circumdentur.
1123 4303 1174 4370 Sic
1210 4327 1292 4368 unus

177 4403 310 4472 creticus
336 4427 407 4470 cum
435 4408 580 4490 proximo
608 4409 754 4474 dochmio
778 4431 935 4474 connexus
957 4411 1074 4496 legitur
1105 4411 1139 4476 in
1163 4434 1191 4478 ν.
1214 4413 1290 4480 688.
