3134 4998
747 305 766 373 7

199 504 284 592 apud
317 503 507 590 Aeschylum
539 503 706 588 assumptis
737 503 989 590 fragmentorum
1021 501 1171 588 exemplis
1199 505 1318 589 quator

198 614 367 682 invenitur.
393 613 449 680 cfr.
472 612 587 698 linger.
612 611 692 678 Mus.
717 612 821 679 Rhen.
844 610 911 689 ΧΙ.,
934 635 966 697 p.
983 613 1058 678 446.
1083 611 1115 677 0.
1135 611 1169 679 F.
1188 611 1312 679 Miller.

199 724 237 790 de
259 721 390 808 pedibus
412 721 522 786 solutis
544 720 579 784 in
601 719 800 806 dialogorum
817 720 946 785 senariis
963 719 1121 808 Aeschyli,
1138 719 1312 807 Sophoclis,

199 829 367 914 Euripidis,
392 827 536 913 Gotting.
563 828 657 906 1866,
681 850 712 911 p.
738 827 771 894 5.

264 971 313 1037 Ex
335 972 425 1058 larga
448 970 645 1055 dactylorum
669 971 767 1053 copia,
792 969 904 1054 quiin
926 970 1085 1034 tertium
1107 971 1212 1035 locum
1234 971 1309 1036 suh-

197 1082 384 1157 uoluuntur,
407 1080 547 1163 primum
569 1099 621 1143 eos
643 1076 942 1160 circumspiciamus,
976 1077 1031 1160 qui
1058 1077 1105 1142 ita
1127 1078 1203 1144 facti
1225 1084 1310 1156 sunt,

197 1190 235 1253 ut
257 1188 333 1252 arsis
356 1190 480 1253 constet
503 1208 540 1250 ex
563 1186 677 1250 ultima
696 1185 842 1249 vocabuli
857 1183 1071 1250 antecedentis
1085 1183 1216 1268 syllaba,
1241 1207 1313 1250 cum

196 1294 293 1360 thesis
315 1293 434 1359 incidat
456 1293 490 1358 in
514 1293 592 1358 duas
615 1293 733 1376 pu'ores
756 1290 902 1375 proximi.
941 1291 1037 1357 Arsin
1051 1293 1167 1355 natura
1180 1293 1312 1373 longam

197 1401 317 1467 habent
339 1423 387 1467 vv.
403 1402 477 1467 210.
501 1402 620 1465 πολλῶν
642 1396 804 1486 ὀνομάτων,
820 1400 895 1465 239.
918 1397 1008 1483 οίκτῳ
1027 1400 1220 1484 προθέμενος,
1236 1400 1311 1468 371.

197 1507 330 1577 άπλόιτοο
346 1509 449 1591 βέλεσι,
465 1506 540 1574 464.
558 1511 699 1594 μεγίστων
716 1507 859 1592 διάδοχοι,
882 1506 956 1572 487.
971 1501 1070 1578 αἰετοῖς
1084 1503 1219 1583 ἐνοδίους,
1236 1505 1310 1573 709.

197 1614 291 1705 ἀφίξει
313 1615 455 1701 νομάδας,
480 1616 554 1680 717.
579 1611 714 1700 δβριστὴν
732 1619 874 1700 ποταμόν,
899 1614 971 1680 729.
995 1608 1099 1686 αὐτοῖς
1121 1619 1314 1700 στενοπόροις,

56 1737 61 1747 ’
200 1725 274 1792 762.
294 1718 384 1787 miron
402 1727 591 1807 κενοφρόνων,
616 1723 688 1788 788.
711 1719 764 1786 Ἰοῖ
785 1719 954 1796 τολόδονον,
979 1720 1052 1786 847.
1077 1717 1155 1805 adep
1177 1726 1310 1807 στόματι.

197 1828 361 1896 Accedunt
382 1831 448 1894 tres
468 1827 538 1907 loci,
561 1828 676 1913 quihus
692 1829 789 1894 thesis
809 1829 913 1893 soluta
927 1827 1205 1912 comprehenditur
1218 1829 1311 1894 initio

196 1937 333 2002 nominis
359 1936 494 2021 proprii:
530 1937 580 2003 18.
613 1932 797 2020 ὀρθοβοόλω
827 1933 966 2022 Θέμιδος,
1004 1935 1077 2002 369.
1109 1937 1312 2021 καλλικάρπου

196 2041 344 2118 Σικελίας,
382 2041 456 2109 735.
484 2041 563 2130 ἥξεις
593 2039 719 2120 Ἀσιάδ’,
760 2063 819 2126 pro
851 2062 915 2127 quo
955 2037 1118 2124 dactylum
1159 2044 1312 2108 remoturi

196 2149 362 2216 Elmsleius
384 2153 417 2215 et
433 2149 650 2216 Blomfieldius
673 2150 880 2215 restituerunt
894 2146 1001 2229 Ἀσίδ’,
1024 2149 1077 2214 sed
1095 2151 1165 2215 siue
1178 2151 1311 2216 necessi·

194 2260 261 2323 tate
283 2280 353 2322 mea
376 2256 503 2341 quidem
526 2257 691 2324 sententia.
736 2255 822 2322 Nam
844 2278 916 2322 eum
942 2256 1046 2322 forma
1073 2254 1179 2330 Ἀσιάς
1206 2263 1309 2324 metro

195 2363 392 2449 efflagitante
427 2365 462 2429 in
498 2362 580 2430 Pers.
613 2363 688 2430 549.
724 2369 864 2448 πρόπασα
900 2367 952 2450 μὲν
987 2369 1074 2430 στένει
1110 2365 1168 2446 γαῖ’
1206 2362 1310 2439 Ἀσιὰς

194 2469 387 2556 ἐκκενουμένα
408 2493 465 2536 suo
489 2472 559 2537 loco
581 2471 632 2548 sit,
656 2493 720 2536 nou
754 2476 810 2550 est,
843 2493 899 2536 cur
930 2469 1131 2555 dissyllabam
1162 2471 1309 2553 formam,

193 2599 234 2647 ne
254 2577 342 2642 tertii
364 2576 452 2660 pedis
475 2577 619 2662 dactylus
642 2577 702 2641 hae
724 2577 975 2643 conformatione
989 2577 1146 2662 Aeschylo
1167 2579 1310 2664 gratissi·

193 2705 263 2748 mus
286 2684 416 2761 oriatur,
449 2685 672 2768 praeferamus.
726 2683 838 2768 Itaque
870 2687 902 2748 et
931 2685 967 2749 in
997 2683 1081 2750 Pers.
1104 2686 1178 2752 249.
1207 2683 1309 2772 ὠνῆς

194 2790 314 2877 ἁπάσης
321 2789 459 2864 Ἀσιάδος
472 2792 640 2878 πολίσμοιτοι
653 2793 686 2856 et
697 2792 732 2856 in
739 2790 928 2857 Prometheo
937 2791 1079 2858 codicum
1087 2792 1309 2858 auctoritatem

192 2899 346 2964 intactam
365 2898 528 2964 voluerim.
564 2897 733 2983 Sophocles
755 2898 817 2963 hoc
839 2898 993 2964 adiectivo
1017 2921 1173 2984 nusquam
1196 2899 1307 2979 utitur,

192 3028 265 3071 cum
279 3006 363 3090 apud
377 3005 563 3088 Euripidem
580 3006 759 3089 saepissime
781 3005 972 3084 inveniatur,
997 3008 1034 3072 ut
1052 3005 1161 3070 eodem
1181 3005 1309 3092 dactylo

192 3115 226 3178 in
249 3112 319 3178 Ion.
342 3112 437 3178 1356.
462 3123 560 3178 πᾶσαν
582 3110 746 3178 δ’ἐτελθων
766 3109 892 3177 Ἀσιάδ’.
939 3109 1049 3178 Cetera
1071 3114 1215 3197 exempla
1237 3113 1309 3178 vido

192 3221 226 3284 in
249 3219 358 3304 Steph.
382 3219 460 3284 thes.
484 3219 544 3286 rol.
567 3219 593 3298 Ι,
613 3221 644 3297 2,
668 3242 700 3303 p.
716 3220 813 3286 2168.
860 3219 1020 3294 Quattuor
1041 3219 1308 3285 commemorandi

191 3331 266 3392 sunt
297 3326 424 3410 dactyli,
462 3348 597 3410 quorum
628 3347 711 3391 arses
743 3325 901 3409 positione
933 3327 1048 3411 longae
1080 3326 1184 3391 factae
1215 3329 1305 3390 sunt:

193 3435 267 3501 869.
293 3430 410 3518 Ἀρρος
437 3435 594 3516 βασιλικόν,
618 3431 672 3499 54.
695 3438 837 3519 πρόχειροι
860 3435 954 3519 ψόλιοι,
990 3433 1084 3502 1009.
1118 3433 1150 3496 δὲ
1180 3437 1307 3517 στόμιον,

195 3541 288 3608 1027.
311 3541 391 3607 θεῶν
411 3563 454 3613 τις
477 3540 625 3626 διάδοχος.
673 3538 859 3606 Coniectura
878 3539 1038 3624 dactylum
1061 3539 1179 3604 inferre
1201 3539 1307 3604 stude·

193 3647 247 3713 bet
269 3647 461 3724 Brunclrius‚
486 3647 572 3731 quod
598 3647 633 3711 in
658 3648 731 3714 766.
754 3668 812 3731 pro
836 3643 870 3712 oh
893 3649 949 3732 γὰρ
973 3643 1060 3732 hurty
1083 3642 1246 3722 οιίιδᾶσθοιι,
1269 3650 1307 3712 ut

191 3754 391 3838 pleonasmus
422 3752 603 3831 tolleretur,
636 3752 880 3819 commendabat
909 3749 944 3836 oh
976 3756 1033 3837 γὰρ
1063 3754 1189 3838 θεμιτόν.
1245 3751 1305 3819 Sed

191 3861 409 3944 pleonasmum
441 3858 567 3926 nullum
597 3880 662 3925 esse
693 3860 843 3944 exemplis
875 3859 916 3924 ad
947 3859 1034 3924 hunc
1063 3859 1169 3924 locum
1200 3859 1305 3924 allatis

192 3967 419 4033 demonstravit
440 3965 652 4033 Hermannus.
698 3966 929 4038 Novissdecias,
946 3967 1046 4052 igitur
1077 3965 1238 4050 dactylum
1271 3966 1304 4030 in

191 4072 380 4138 Prometheo
417 4077 604 4157 usurpatum
639 4074 830 4152 invenimus,
866 4074 914 4138 ita
948 4079 1056 4139 temen
1091 4093 1213 4156 semper
1248 4071 1305 4137 ud·

191 4179 342 4259 bibitum,
374 4181 412 4244 ut
443 4179 532 4245 nulla
563 4202 602 4245 ex
633 4184 724 4264 parte
752 4180 926 4263 Aeschyleo
958 4179 1065 4266 generi
1098 4177 1220 4244 dicendi
1255 4200 1304 4246 re·

191 4288 359 4371 pugnaret.
