<?xml version="1.0" encoding="UTF-8"?>
<!DOCTYPE html PUBLIC "-//W3C//DTD XHTML 1.0 Transitional//EN"
    "http://www.w3.org/TR/xhtml1/DTD/xhtml1-transitional.dtd">
<html xmlns="http://www.w3.org/1999/xhtml" xml:lang="en" lang="en">
 <head>
  <title>
</title>
<meta http-equiv="Content-Type" content="text/html;charset=utf-8" />
  <meta name='ocr-system' content='tesseract 3.04.00' />
  <meta name='ocr-capabilities' content='ocr_page ocr_carea ocr_par ocr_line ocrx_word'/>
</head>
<body>
  <div class='ocr_page' id='page_1' title='image "./decompositionem00heidgoog_0067.png"; bbox 0 0 3134 4998; ppageno 0'>
   <div class='ocr_carea' id='block_1_1' title="bbox 876 249 894 310">
    <p class='ocr_par' dir='ltr' id='par_1_1' title="bbox 876 249 894 310">
     <span class='ocr_line' id='line_1_1' title="bbox 876 249 894 310; baseline 0 0"><span class='ocrx_word' id='word_1_1' title='bbox 876 249 894 310; x_wconf 89' lang='grc'><strong>6</strong></span> 
     </span>
    </p>
   </div>
   <div class='ocr_carea' id='block_1_2' title="bbox 244 449 1497 3107">
    <p class='ocr_par' dir='ltr' id='par_1_2' title="bbox 281 449 1497 2080">
     <span class='ocr_line' id='line_1_2' title="bbox 281 449 1494 535; baseline 0.001 -18"><span class='ocrx_word' id='word_1_2' title='bbox 281 473 339 534; x_wconf 89' lang='lat' dir='ltr'><strong>per</strong></span> <span class='ocrx_word' id='word_1_3' title='bbox 368 452 476 516; x_wconf 90' lang='lat' dir='ltr'><strong>omnia</strong></span> <span class='ocrx_word' id='word_1_4' title='bbox 504 450 702 534; x_wconf 84' lang='lat' dir='ltr'><strong>apographa.</strong></span> <span class='ocrx_word' id='word_1_5' title='bbox 747 449 861 535; x_wconf 89' lang='lat' dir='ltr'><strong>Atque</strong></span> <span class='ocrx_word' id='word_1_6' title='bbox 891 452 1026 519; x_wconf 89' lang='lat' dir='ltr'><strong>eandem</strong></span> <span class='ocrx_word' id='word_1_7' title='bbox 1054 473 1151 535; x_wconf 89' lang='lat' dir='ltr'><strong>quam</strong></span> <span class='ocrx_word' id='word_1_8' title='bbox 1174 453 1369 518; x_wconf 88' lang='lat' dir='ltr'><strong>Dindorfrus</strong></span> <span class='ocrx_word' id='word_1_9' title='bbox 1398 475 1494 520; x_wconf 90' lang='lat' dir='ltr'><strong>emen-</strong></span> 
     </span>
     <span class='ocr_line' id='line_1_3' title="bbox 282 553 1494 640; baseline 0.002 -20"><span class='ocrx_word' id='word_1_10' title='bbox 282 553 383 620; x_wconf 90' lang='lat' dir='ltr'><strong>dandi</strong></span> <span class='ocrx_word' id='word_1_11' title='bbox 404 555 488 618; x_wconf 85' lang='lat' dir='ltr'><strong>viam</strong></span> <span class='ocrx_word' id='word_1_12' title='bbox 510 553 671 636; x_wconf 85' lang='lat' dir='ltr'><strong>ingressus</strong></span> <span class='ocrx_word' id='word_1_13' title='bbox 696 560 746 619; x_wconf 88' lang='lat' dir='ltr'><strong>est</strong></span> <span class='ocrx_word' id='word_1_14' title='bbox 767 555 993 638; x_wconf 89' lang='lat' dir='ltr'><strong>Hermannus,</strong></span> <span class='ocrx_word' id='word_1_15' title='bbox 1022 577 1060 622; x_wconf 93' lang='lat' dir='ltr'><strong>eo</strong></span> <span class='ocrx_word' id='word_1_16' title='bbox 1089 555 1271 622; x_wconf 88' lang='lat' dir='ltr'><strong>discrimine</strong></span> <span class='ocrx_word' id='word_1_17' title='bbox 1292 556 1494 640; x_wconf 84' lang='lat' dir='ltr'><strong>interposito,</strong></span> 
     </span>
     <span class='ocr_line' id='line_1_4' title="bbox 281 653 1495 744; baseline 0.002 -22"><span class='ocrx_word' id='word_1_18' title='bbox 281 657 369 740; x_wconf 92' lang='lat' dir='ltr'><strong>quod</strong></span> <span class='ocrx_word' id='word_1_19' title='bbox 383 677 447 721; x_wconf 88' lang='lat' dir='ltr'><strong>non</strong></span> <span class='ocrx_word' id='word_1_20' title='bbox 463 657 650 722; x_wconf 89' lang='lat' dir='ltr'><strong>coniectura</strong></span> <span class='ocrx_word' id='word_1_21' title='bbox 665 655 832 722; x_wconf 89' lang='lat' dir='ltr'><strong>descendit</strong></span> <span class='ocrx_word' id='word_1_22' title='bbox 846 660 888 724; x_wconf 88' lang='lat' dir='ltr'><strong>ad</strong></span> <span class='ocrx_word' id='word_1_23' title='bbox 902 680 1013 724; x_wconf 88' lang='lat' dir='ltr'><strong>vocem</strong></span> <span class='ocrx_word' id='word_1_24' title='bbox 1028 653 1162 744; x_wconf 78' lang='grc' dir='ltr'><strong><em>ἔρρουσι,</em></strong></span> <span class='ocrx_word' id='word_1_25' title='bbox 1187 659 1243 724; x_wconf 88' lang='lat' dir='ltr'><strong>sed</strong></span> <span class='ocrx_word' id='word_1_26' title='bbox 1258 654 1412 744; x_wconf 73' lang='grc' dir='ltr'><strong><em>ἔρραπαι</em></strong></span> <span class='ocrx_word' id='word_1_27' title='bbox 1428 665 1495 724; x_wconf 86' lang='grc'>5555</span> 
     </span>
     <span class='ocr_line' id='line_1_5' title="bbox 281 757 1496 846; baseline 0.002 -22"><span class='ocrx_word' id='word_1_28' title='bbox 281 757 370 825; x_wconf 82' lang='grc' dir='ltr'><strong><em>στένε</em></strong></span> <span class='ocrx_word' id='word_1_29' title='bbox 391 783 419 824; x_wconf 77' lang='lat' dir='ltr'><strong>r.</strong></span> <span class='ocrx_word' id='word_1_30' title='bbox 443 763 505 824; x_wconf 83' lang='lat'><strong>568</strong></span> <span class='ocrx_word' id='word_1_31' title='bbox 527 761 658 843; x_wconf 89' lang='lat' dir='ltr'><strong>recepit.</strong></span> <span class='ocrx_word' id='word_1_32' title='bbox 702 761 749 826; x_wconf 83' lang='lat' dir='ltr'><strong>Et</strong></span> <span class='ocrx_word' id='word_1_33' title='bbox 770 761 873 828; x_wconf 90' lang='lat' dir='ltr'><strong>multa</strong></span> <span class='ocrx_word' id='word_1_34' title='bbox 895 768 985 842; x_wconf 88' lang='lat' dir='ltr'><strong>sunt,</strong></span> <span class='ocrx_word' id='word_1_35' title='bbox 1009 764 1127 846; x_wconf 85' lang='lat' dir='ltr'><strong>quibus</strong></span> <span class='ocrx_word' id='word_1_36' title='bbox 1150 763 1397 828; x_wconf 81' lang='lat' dir='ltr'><strong>commendetur</strong></span> <span class='ocrx_word' id='word_1_37' title='bbox 1420 763 1496 828; x_wconf 90' lang='lat' dir='ltr'><strong>Her·</strong></span> 
     </span>
     <span class='ocr_line' id='line_1_6' title="bbox 282 861 1497 951; baseline -0.001 -22"><span class='ocrx_word' id='word_1_38' title='bbox 282 864 393 929; x_wconf 91' lang='lat' dir='ltr'><strong>manni</strong></span> <span class='ocrx_word' id='word_1_39' title='bbox 424 861 620 941; x_wconf 87' lang='lat' dir='ltr'><strong>emendatio;</strong></span> <span class='ocrx_word' id='word_1_40' title='bbox 653 865 793 949; x_wconf 92' lang='lat' dir='ltr'><strong>primum</strong></span> <span class='ocrx_word' id='word_1_41' title='bbox 825 865 909 930; x_wconf 90' lang='lat' dir='ltr'><strong>enim</strong></span> <span class='ocrx_word' id='word_1_42' title='bbox 938 886 1003 930; x_wconf 91' lang='lat' dir='ltr'><strong>nou</strong></span> <span class='ocrx_word' id='word_1_43' title='bbox 1033 872 1184 951; x_wconf 88' lang='lat' dir='ltr'><strong>apparet,</strong></span> <span class='ocrx_word' id='word_1_44' title='bbox 1216 866 1294 948; x_wconf 90' lang='lat' dir='ltr'><strong>quid</strong></span> <span class='ocrx_word' id='word_1_45' title='bbox 1328 864 1497 930; x_wconf 84' lang='lat' dir='ltr'><strong>adduxerit</strong></span> 
     </span>
     <span class='ocr_line' id='line_1_7' title="bbox 281 957 1496 1053; baseline 0 -21"><span class='ocrx_word' id='word_1_46' title='bbox 281 966 558 1050; x_wconf 75' lang='lat' dir='ltr'><strong>interpolatorem,</strong></span> <span class='ocrx_word' id='word_1_47' title='bbox 581 971 617 1031; x_wconf 93' lang='lat' dir='ltr'><strong>ut</strong></span> <span class='ocrx_word' id='word_1_48' title='bbox 640 967 815 1050; x_wconf 84' lang='lat' dir='ltr'><strong>corrigeret</strong></span> <span class='ocrx_word' id='word_1_49' title='bbox 837 961 993 1053; x_wconf 64' lang='grc' dir='ltr'><strong>ἔρρωται,</strong></span> <span class='ocrx_word' id='word_1_50' title='bbox 1018 970 1105 1052; x_wconf 92' lang='lat' dir='ltr'><strong>quod</strong></span> <span class='ocrx_word' id='word_1_51' title='bbox 1127 989 1199 1034; x_wconf 91' lang='lat' dir='ltr'><strong>cum</strong></span> <span class='ocrx_word' id='word_1_52' title='bbox 1221 957 1405 1034; x_wconf 86' lang='lat' dir='ltr'><strong>ihsolenter</strong></span> <span class='ocrx_word' id='word_1_53' title='bbox 1420 973 1496 1032; x_wconf 91' lang='lat' dir='ltr'><strong>esset</strong></span> 
     </span>
     <span class='ocr_line' id='line_1_8' title="bbox 282 1069 1496 1153; baseline 0 -19"><span class='ocrx_word' id='word_1_54' title='bbox 282 1075 484 1153; x_wconf 90' lang='lat' dir='ltr'><strong>usurpatum,</strong></span> <span class='ocrx_word' id='word_1_55' title='bbox 507 1073 576 1134; x_wconf 90' lang='lat' dir='ltr'><strong>tum</strong></span> <span class='ocrx_word' id='word_1_56' title='bbox 597 1089 637 1134; x_wconf 91' lang='grc'><strong>55</strong></span> <span class='ocrx_word' id='word_1_57' title='bbox 660 1069 837 1152; x_wconf 82' lang='lat' dir='ltr'>quadraret</span> <span class='ocrx_word' id='word_1_58' title='bbox 859 1069 988 1153; x_wconf 91' lang='lat' dir='ltr'><strong>quidem</strong></span> <span class='ocrx_word' id='word_1_59' title='bbox 1010 1071 1053 1136; x_wconf 90' lang='lat' dir='ltr'><strong>ad</strong></span> <span class='ocrx_word' id='word_1_60' title='bbox 1068 1072 1260 1138; x_wconf 87' lang='lat' dir='ltr'><strong>senteutiam</strong></span> <span class='ocrx_word' id='word_1_61' title='bbox 1275 1093 1313 1138; x_wconf 91' lang='lat' dir='ltr'><strong>eo</strong></span> <span class='ocrx_word' id='word_1_62' title='bbox 1330 1072 1417 1152; x_wconf 89' lang='lat' dir='ltr'><strong>loco,</strong></span> <span class='ocrx_word' id='word_1_63' title='bbox 1441 1091 1496 1152; x_wconf 92' lang='lat' dir='ltr'><strong>quo</strong></span> 
     </span>
     <span class='ocr_line' id='line_1_9' title="bbox 282 1168 1496 1260; baseline -0.002 -22"><span class='ocrx_word' id='word_1_64' title='bbox 282 1174 315 1238; x_wconf 90' lang='lat' dir='ltr'><strong>in</strong></span> <span class='ocrx_word' id='word_1_65' title='bbox 339 1171 502 1238; x_wconf 79' lang='lat' dir='ltr'><strong>codicibus</strong></span> <span class='ocrx_word' id='word_1_66' title='bbox 522 1170 655 1256; x_wconf 83' lang='lat' dir='ltr'><strong>legitur3</strong></span> <span class='ocrx_word' id='word_1_67' title='bbox 682 1171 800 1238; x_wconf 90' lang='lat' dir='ltr'><strong>deinde</strong></span> <span class='ocrx_word' id='word_1_68' title='bbox 822 1195 850 1236; x_wconf 89' lang='lat' dir='ltr'><strong>v.</strong></span> <span class='ocrx_word' id='word_1_69' title='bbox 875 1176 938 1238; x_wconf 87' lang='grc'><strong>568</strong></span> <span class='ocrx_word' id='word_1_70' title='bbox 960 1168 1108 1260; x_wconf 62' lang='lat' dir='ltr'><strong>{beorum</strong></span> <span class='ocrx_word' id='word_1_71' title='bbox 1138 1176 1257 1258; x_wconf 87' lang='lat' dir='ltr'><strong>optime</strong></span> <span class='ocrx_word' id='word_1_72' title='bbox 1287 1196 1322 1239; x_wconf 91' lang='grc'><strong>55</strong></span> <span class='ocrx_word' id='word_1_73' title='bbox 1346 1173 1450 1238; x_wconf 91' lang='lat' dir='ltr'><strong>habet</strong></span> <span class='ocrx_word' id='word_1_74' title='bbox 1470 1179 1496 1236; x_wconf 93' lang='lat' dir='ltr'><strong>et</strong></span> 
     </span>
     <span class='ocr_line' id='line_1_10' title="bbox 282 1271 1496 1362; baseline -0.002 -21"><span class='ocrx_word' id='word_1_75' title='bbox 282 1275 404 1342; x_wconf 89' lang='lat' dir='ltr'><strong>maiore</strong></span> <span class='ocrx_word' id='word_1_76' title='bbox 431 1297 503 1341; x_wconf 92' lang='lat' dir='ltr'><strong>cum</strong></span> <span class='ocrx_word' id='word_1_77' title='bbox 536 1276 567 1339; x_wconf 94' lang='grc'><strong>51</strong></span> <span class='ocrx_word' id='word_1_78' title='bbox 600 1274 721 1340; x_wconf 91' lang='lat' dir='ltr'><strong>dictum</strong></span> <span class='ocrx_word' id='word_1_79' title='bbox 752 1281 802 1340; x_wconf 92' lang='lat' dir='ltr'><strong>est</strong></span> <span class='ocrx_word' id='word_1_80' title='bbox 833 1298 930 1360; x_wconf 90' lang='lat' dir='ltr'><strong>quam</strong></span> <span class='ocrx_word' id='word_1_81' title='bbox 960 1277 1102 1342; x_wconf 91' lang='lat' dir='ltr'><strong>ieinuum</strong></span> <span class='ocrx_word' id='word_1_82' title='bbox 1127 1277 1209 1344; x_wconf 94' lang='lat' dir='ltr'><strong>illud</strong></span> <span class='ocrx_word' id='word_1_83' title='bbox 1239 1271 1385 1362; x_wconf 72' lang='grc' dir='ltr'><strong>ἔρρουσι,</strong></span> <span class='ocrx_word' id='word_1_84' title='bbox 1418 1273 1496 1358; x_wconf 92' lang='lat' dir='ltr'><strong>quod</strong></span> 
     </span>
     <span class='ocr_line' id='line_1_11' title="bbox 283 1378 1495 1464; baseline -0.002 -22"><span class='ocrx_word' id='word_1_85' title='bbox 283 1378 475 1444; x_wconf 88' lang='lat' dir='ltr'><strong>Dindorfius</strong></span> <span class='ocrx_word' id='word_1_86' title='bbox 496 1378 641 1444; x_wconf 90' lang='lat' dir='ltr'><strong>coniecit.</strong></span> <span class='ocrx_word' id='word_1_87' title='bbox 687 1379 904 1464; x_wconf 81' lang='lat' dir='ltr'><strong>Quamobrem</strong></span> <span class='ocrx_word' id='word_1_88' title='bbox 928 1402 991 1445; x_wconf 92' lang='grc'><strong>555</strong></span> <span class='ocrx_word' id='word_1_89' title='bbox 1015 1381 1083 1446; x_wconf 89' lang='grc'>5155</span> <span class='ocrx_word' id='word_1_90' title='bbox 1104 1381 1250 1446; x_wconf 86' lang='lat' dir='ltr'><strong>veritatis</strong></span> <span class='ocrx_word' id='word_1_91' title='bbox 1266 1380 1379 1464; x_wconf 89' lang='lat' dir='ltr'><strong>specie</strong></span> <span class='ocrx_word' id='word_1_92' title='bbox 1395 1383 1495 1463; x_wconf 89' lang='lat' dir='ltr'><strong>potest</strong></span> 
     </span>
     <span class='ocr_line' id='line_1_12' title="bbox 283 1480 1495 1569; baseline -0.002 -23"><span class='ocrx_word' id='word_1_93' title='bbox 283 1481 400 1564; x_wconf 84' lang='lat' dir='ltr'><strong>colligi,</strong></span> <span class='ocrx_word' id='word_1_94' title='bbox 422 1482 457 1546; x_wconf 91' lang='lat' dir='ltr'><strong>in</strong></span> <span class='ocrx_word' id='word_1_95' title='bbox 478 1483 654 1566; x_wconf 84' lang='lat' dir='ltr'><strong>archetypo</strong></span> <span class='ocrx_word' id='word_1_96' title='bbox 676 1484 817 1548; x_wconf 90' lang='lat' dir='ltr'><strong>omnium</strong></span> <span class='ocrx_word' id='word_1_97' title='bbox 838 1483 995 1548; x_wconf 90' lang='lat' dir='ltr'><strong>librorum</strong></span> <span class='ocrx_word' id='word_1_98' title='bbox 1017 1483 1114 1550; x_wconf 88' lang='grc'>151555</span> <span class='ocrx_word' id='word_1_99' title='bbox 1136 1480 1192 1569; x_wconf 78' lang='grc' dir='ltr'><strong>ἐρα</strong></span> <span class='ocrx_word' id='word_1_100' title='bbox 1214 1483 1317 1548; x_wconf 85' lang='grc'>515555</span> <span class='ocrx_word' id='word_1_101' title='bbox 1341 1508 1362 1569; x_wconf 89' lang='grc' dir='ltr'><em>ρ</em></span> <span class='ocrx_word' id='word_1_102' title='bbox 1387 1482 1495 1548; x_wconf 89' lang='lat' dir='ltr'><strong>omisso</strong></span> 
     </span>
     <span class='ocr_line' id='line_1_13' title="bbox 284 1583 1495 1669; baseline -0.002 -21"><span class='ocrx_word' id='word_1_103' title='bbox 284 1590 317 1649; x_wconf 90' lang='lat' dir='ltr'><strong>et</strong></span> <span class='ocrx_word' id='word_1_104' title='bbox 341 1583 444 1649; x_wconf 85' lang='lat' dir='ltr'><strong>literis</strong></span> <span class='ocrx_word' id='word_1_105' title='bbox 471 1608 542 1648; x_wconf 74' lang='grc'>5555</span> <span class='ocrx_word' id='word_1_106' title='bbox 571 1607 630 1668; x_wconf 92' lang='lat' dir='ltr'><strong>per</strong></span> <span class='ocrx_word' id='word_1_107' title='bbox 657 1585 881 1669; x_wconf 89' lang='lat' dir='ltr'><strong>compendium</strong></span> <span class='ocrx_word' id='word_1_108' title='bbox 908 1587 1044 1669; x_wconf 87' lang='lat' dir='ltr'><strong>scriptis.</strong></span> <span class='ocrx_word' id='word_1_109' title='bbox 1090 1586 1156 1654; x_wconf 89' lang='lat' dir='ltr'><strong>Sed</strong></span> <span class='ocrx_word' id='word_1_110' title='bbox 1177 1585 1304 1652; x_wconf 85' lang='lat' dir='ltr'><strong>etiamsi</strong></span> <span class='ocrx_word' id='word_1_111' title='bbox 1328 1583 1495 1652; x_wconf 89' lang='lat' dir='ltr'><strong>Dindcrfio</strong></span> 
     </span>
     <span class='ocr_line' id='line_1_14' title="bbox 284 1684 1493 1776; baseline -0.002 -26"><span class='ocrx_word' id='word_1_112' title='bbox 284 1687 511 1768; x_wconf 87' lang='lat' dir='ltr'><strong>concedamus,</strong></span> <span class='ocrx_word' id='word_1_113' title='bbox 539 1689 768 1772; x_wconf 81' lang='lat' dir='ltr'><strong>interpolatam</strong></span> <span class='ocrx_word' id='word_1_114' title='bbox 796 1709 864 1753; x_wconf 90' lang='lat' dir='ltr'><strong>esse</strong></span> <span class='ocrx_word' id='word_1_115' title='bbox 893 1688 1063 1754; x_wconf 88' lang='lat' dir='ltr'><strong>lectionem</strong></span> <span class='ocrx_word' id='word_1_116' title='bbox 1091 1684 1255 1776; x_wconf 76' lang='grc' dir='ltr'><strong><em>ἔρρανται,</em></strong></span> <span class='ocrx_word' id='word_1_117' title='bbox 1286 1689 1373 1754; x_wconf 93' lang='lat' dir='ltr'><strong>nihil</strong></span> <span class='ocrx_word' id='word_1_118' title='bbox 1397 1693 1493 1752; x_wconf 89' lang='lat' dir='ltr'><strong>tamen</strong></span> 
     </span>
     <span class='ocr_line' id='line_1_15' title="bbox 284 1791 1494 1879; baseline -0.003 -25"><span class='ocrx_word' id='word_1_119' title='bbox 284 1791 373 1856; x_wconf 87' lang='lat' dir='ltr'><strong>aliud</strong></span> <span class='ocrx_word' id='word_1_120' title='bbox 396 1812 433 1856; x_wconf 93' lang='grc'><strong>55</strong></span> <span class='ocrx_word' id='word_1_121' title='bbox 456 1791 697 1873; x_wconf 86' lang='lat' dir='ltr'><strong>comprobetur,</strong></span> <span class='ocrx_word' id='word_1_122' title='bbox 726 1813 824 1879; x_wconf 91' lang='lat' dir='ltr'><strong>quam</strong></span> <span class='ocrx_word' id='word_1_123' title='bbox 850 1791 988 1858; x_wconf 85' lang='lat' dir='ltr'><strong>fortasse</strong></span> <span class='ocrx_word' id='word_1_124' title='bbox 1014 1794 1048 1857; x_wconf 93' lang='lat' dir='ltr'><strong>in</strong></span> <span class='ocrx_word' id='word_1_125' title='bbox 1070 1814 1107 1858; x_wconf 92' lang='grc' dir='ltr'><strong>5ο</strong></span> <span class='ocrx_word' id='word_1_126' title='bbox 1130 1812 1257 1876; x_wconf 89' lang='lat' dir='ltr'><strong>quoque</strong></span> <span class='ocrx_word' id='word_1_127' title='bbox 1281 1792 1415 1871; x_wconf 87' lang='lat' dir='ltr'><strong>codice,</strong></span> <span class='ocrx_word' id='word_1_128' title='bbox 1441 1808 1494 1872; x_wconf 91' lang='lat' dir='ltr'><strong>quo</strong></span> 
     </span>
     <span class='ocr_line' id='line_1_16' title="bbox 283 1892 1492 1981; baseline -0.003 -23"><span class='ocrx_word' id='word_1_129' title='bbox 283 1893 408 1959; x_wconf 89' lang='lat' dir='ltr'><strong>librarii</strong></span> <span class='ocrx_word' id='word_1_130' title='bbox 435 1913 518 1959; x_wconf 87' lang='lat' dir='ltr'><strong>rece.</strong></span> <span class='ocrx_word' id='word_1_131' title='bbox 546 1894 596 1958; x_wconf 91' lang='lat' dir='ltr'><strong>usi</strong></span> <span class='ocrx_word' id='word_1_132' title='bbox 624 1900 713 1974; x_wconf 90' lang='grc'>5555,</span> <span class='ocrx_word' id='word_1_133' title='bbox 744 1895 900 1978; x_wconf 91' lang='lat' dir='ltr'><strong>scriptum</strong></span> <span class='ocrx_word' id='word_1_134' title='bbox 927 1894 1025 1960; x_wconf 87' lang='lat' dir='ltr'><strong>fuisse</strong></span> <span class='ocrx_word' id='word_1_135' title='bbox 1052 1892 1124 1981; x_wconf 77' lang='grc' dir='ltr'>ἐρα,</span> <span class='ocrx_word' id='word_1_136' title='bbox 1154 1896 1241 1978; x_wconf 89' lang='lat' dir='ltr'><strong>quod</strong></span> <span class='ocrx_word' id='word_1_137' title='bbox 1263 1893 1492 1960; x_wconf 89' lang='lat' dir='ltr'><strong>emendandum</strong></span> 
     </span>
     <span class='ocr_line' id='line_1_17' title="bbox 286 1996 959 2080; baseline 0.001 -18"><span class='ocrx_word' id='word_1_138' title='bbox 286 2018 355 2062; x_wconf 88' lang='lat' dir='ltr'><strong>esse</strong></span> <span class='ocrx_word' id='word_1_139' title='bbox 377 1997 592 2080; x_wconf 89' lang='lat' dir='ltr'><strong>interpolator</strong></span> <span class='ocrx_word' id='word_1_140' title='bbox 614 1996 731 2080; x_wconf 89' lang='lat' dir='ltr'><strong>aliquis</strong></span> <span class='ocrx_word' id='word_1_141' title='bbox 753 2003 893 2080; x_wconf 89' lang='lat' dir='ltr'><strong>putaret.</strong></span> <span class='ocrx_word' id='word_1_142' title='bbox 916 2035 959 2046; x_wconf 87' lang='lat'>-</span> 
     </span>
    </p>

    <p class='ocr_par' dir='ltr' id='par_1_3' title="bbox 244 2097 1492 3107">
     <span class='ocr_line' id='line_1_18' title="bbox 368 2097 1492 2182; baseline -0.007 -18"><span class='ocrx_word' id='word_1_143' title='bbox 368 2099 431 2164; x_wconf 90' lang='lat' dir='ltr'><strong>His</strong></span> <span class='ocrx_word' id='word_1_144' title='bbox 465 2099 570 2164; x_wconf 87' lang='lat' dir='ltr'><strong>tribus</strong></span> <span class='ocrx_word' id='word_1_145' title='bbox 607 2099 761 2182; x_wconf 87' lang='lat' dir='ltr'><strong>exemplis</strong></span> <span class='ocrx_word' id='word_1_146' title='bbox 799 2099 921 2180; x_wconf 89' lang='lat' dir='ltr'><strong>allatis,</strong></span> <span class='ocrx_word' id='word_1_147' title='bbox 955 2101 1033 2164; x_wconf 88' lang='lat' dir='ltr'><strong>satis</strong></span> <span class='ocrx_word' id='word_1_148' title='bbox 1066 2100 1243 2166; x_wconf 81' lang='lat' dir='ltr'><strong>ostendisse</strong></span> <span class='ocrx_word' id='word_1_149' title='bbox 1277 2098 1341 2164; x_wconf 91' lang='lat' dir='ltr'><strong>sibi</strong></span> <span class='ocrx_word' id='word_1_150' title='bbox 1377 2097 1492 2163; x_wconf 88' lang='lat' dir='ltr'><strong>videtur</strong></span> 
     </span>
     <span class='ocr_line' id='line_1_19' title="bbox 244 2198 1491 2281; baseline -0.007 -14"><span class='ocrx_word' id='word_1_151' title='bbox 244 2271 247 2276; x_wconf 75' lang='grc'>,</span> <span class='ocrx_word' id='word_1_152' title='bbox 284 2202 485 2281; x_wconf 89' lang='lat' dir='ltr'><strong>Dindorfius,</strong></span> <span class='ocrx_word' id='word_1_153' title='bbox 508 2201 634 2266; x_wconf 88' lang='lat' dir='ltr'><strong>codices</strong></span> <span class='ocrx_word' id='word_1_154' title='bbox 656 2202 851 2266; x_wconf 86' lang='lat' dir='ltr'><strong>recentiores</strong></span> <span class='ocrx_word' id='word_1_155' title='bbox 866 2224 882 2266; x_wconf 93' lang='grc'><strong>5</strong></span> <span class='ocrx_word' id='word_1_156' title='bbox 898 2202 1044 2267; x_wconf 89' lang='lat' dir='ltr'><strong>Medicec</strong></span> <span class='ocrx_word' id='word_1_157' title='bbox 1060 2223 1129 2267; x_wconf 85' lang='lat' dir='ltr'><strong>esse</strong></span> <span class='ocrx_word' id='word_1_158' title='bbox 1146 2202 1315 2267; x_wconf 82' lang='lat' dir='ltr'><strong>derivatos,</strong></span> <span class='ocrx_word' id='word_1_159' title='bbox 1365 2198 1491 2268; x_wconf 84' lang='lat' dir='ltr'><strong>Deinde.</strong></span> 
     </span>
     <span class='ocr_line' id='line_1_20' title="bbox 285 2304 1489 2388; baseline -0.006 -20"><span class='ocrx_word' id='word_1_160' title='bbox 285 2311 322 2368; x_wconf 93' lang='lat' dir='ltr'><strong>ut</strong></span> <span class='ocrx_word' id='word_1_161' title='bbox 345 2304 524 2369; x_wconf 86' lang='lat' dir='ltr'><strong>illustraret</strong></span> <span class='ocrx_word' id='word_1_162' title='bbox 539 2325 616 2383; x_wconf 89' lang='lat' dir='ltr'><strong>rem,</strong></span> <span class='ocrx_word' id='word_1_163' title='bbox 639 2305 757 2370; x_wconf 88' lang='lat' dir='ltr'><strong>adiecit</strong></span> <span class='ocrx_word' id='word_1_164' title='bbox 772 2304 911 2372; x_wconf 85' lang='lat' dir='ltr'><strong>indicem</strong></span> <span class='ocrx_word' id='word_1_165' title='bbox 927 2327 1038 2370; x_wconf 89' lang='lat' dir='ltr'><strong>earum</strong></span> <span class='ocrx_word' id='word_1_166' title='bbox 1052 2305 1235 2384; x_wconf 90' lang='lat' dir='ltr'><strong>lectionum,</strong></span> <span class='ocrx_word' id='word_1_167' title='bbox 1260 2326 1343 2388; x_wconf 86' lang='lat' dir='ltr'><strong>quas</strong></span> <span class='ocrx_word' id='word_1_168' title='bbox 1361 2305 1489 2370; x_wconf 84' lang='lat' dir='ltr'><strong>diversas</strong></span> 
     </span>
     <span class='ocr_line' id='line_1_21' title="bbox 284 2406 1491 2487; baseline -0.005 -15"><span class='ocrx_word' id='word_1_169' title='bbox 284 2407 467 2472; x_wconf 87' lang='lat' dir='ltr'><strong>aMediceo</strong></span> <span class='ocrx_word' id='word_1_170' title='bbox 490 2407 581 2472; x_wconf 88' lang='lat' dir='ltr'><strong>codd.</strong></span> <span class='ocrx_word' id='word_1_171' title='bbox 605 2429 686 2473; x_wconf 89' lang='lat' dir='ltr'><strong>reoc.</strong></span> <span class='ocrx_word' id='word_1_172' title='bbox 712 2408 872 2472; x_wconf 87' lang='lat' dir='ltr'><strong>exhibent.</strong></span> <span class='ocrx_word' id='word_1_173' title='bbox 905 2406 989 2474; x_wconf 85' lang='lat' dir='ltr'><strong>Sunt</strong></span> <span class='ocrx_word' id='word_1_174' title='bbox 1011 2413 1120 2472; x_wconf 91' lang='lat' dir='ltr'><strong>autem</strong></span> <span class='ocrx_word' id='word_1_175' title='bbox 1142 2406 1403 2487; x_wconf 86' lang='lat' dir='ltr'><strong>emendationes,</strong></span> <span class='ocrx_word' id='word_1_176' title='bbox 1427 2421 1491 2487; x_wconf 82' lang='lat' dir='ltr'><strong>quas</strong></span> 
     </span>
     <span class='ocr_line' id='line_1_22' title="bbox 285 2509 1489 2595; baseline -0.007 -20"><span class='ocrx_word' id='word_1_177' title='bbox 285 2511 355 2594; x_wconf 88' lang='lat' dir='ltr'><strong>ipse</strong></span> <span class='ocrx_word' id='word_1_178' title='bbox 375 2510 565 2576; x_wconf 88' lang='lat' dir='ltr'><strong>Dindorfius</strong></span> <span class='ocrx_word' id='word_1_179' title='bbox 588 2533 605 2575; x_wconf 91' lang='grc'><strong>5</strong></span> <span class='ocrx_word' id='word_1_180' title='bbox 621 2511 713 2576; x_wconf 90' lang='lat' dir='ltr'><strong>codd.</strong></span> <span class='ocrx_word' id='word_1_181' title='bbox 730 2532 811 2576; x_wconf 88' lang='lat' dir='ltr'><strong>rece.</strong></span> <span class='ocrx_word' id='word_1_182' title='bbox 827 2510 1029 2595; x_wconf 87' lang='lat' dir='ltr'><strong>recipiendas</strong></span> <span class='ocrx_word' id='word_1_183' title='bbox 1045 2531 1113 2576; x_wconf 89' lang='lat' dir='ltr'><strong>esse</strong></span> <span class='ocrx_word' id='word_1_184' title='bbox 1129 2509 1217 2590; x_wconf 90' lang='lat' dir='ltr'><strong>dicit,</strong></span> <span class='ocrx_word' id='word_1_185' title='bbox 1240 2510 1274 2574; x_wconf 92' lang='lat' dir='ltr'><strong>in</strong></span> <span class='ocrx_word' id='word_1_186' title='bbox 1289 2509 1489 2577; x_wconf 87' lang='lat' dir='ltr'><strong>Prometheo:</strong></span> 
     </span>
     <span class='ocr_line' id='line_1_23' title="bbox 284 2612 1492 2697; baseline -0.007 -19"><span class='ocrx_word' id='word_1_187' title='bbox 284 2619 342 2693; x_wconf 89' lang='lat'><strong>81,</strong></span> <span class='ocrx_word' id='word_1_188' title='bbox 370 2614 515 2697; x_wconf 82' lang='lat' dir='ltr'><strong>Septem:</strong></span> <span class='ocrx_word' id='word_1_189' title='bbox 544 2618 605 2693; x_wconf 86' lang='lat'><strong>55,</strong></span> <span class='ocrx_word' id='word_1_190' title='bbox 634 2614 757 2678; x_wconf 87' lang='lat' dir='ltr'><strong>Persis:</strong></span> <span class='ocrx_word' id='word_1_191' title='bbox 787 2619 837 2679; x_wconf 88' lang='lat'><strong>96.</strong></span> <span class='ocrx_word' id='word_1_192' title='bbox 881 2613 952 2679; x_wconf 84' lang='lat' dir='ltr'><strong>Eae</strong></span> <span class='ocrx_word' id='word_1_193' title='bbox 974 2618 1083 2678; x_wconf 91' lang='lat' dir='ltr'><strong>autem</strong></span> <span class='ocrx_word' id='word_1_194' title='bbox 1105 2612 1273 2692; x_wconf 87' lang='lat' dir='ltr'><strong>lectiones,</strong></span> <span class='ocrx_word' id='word_1_195' title='bbox 1303 2636 1390 2696; x_wconf 91' lang='lat' dir='ltr'><strong>quas</strong></span> <span class='ocrx_word' id='word_1_196' title='bbox 1410 2613 1492 2676; x_wconf 88' lang='lat' dir='ltr'><strong>inter·</strong></span> 
     </span>
     <span class='ocr_line' id='line_1_24' title="bbox 284 2713 1490 2800; baseline -0.006 -19"><span class='ocrx_word' id='word_1_197' title='bbox 284 2717 412 2800; x_wconf 91' lang='lat' dir='ltr'><strong>polatas</strong></span> <span class='ocrx_word' id='word_1_198' title='bbox 436 2738 505 2781; x_wconf 89' lang='lat' dir='ltr'><strong>esse</strong></span> <span class='ocrx_word' id='word_1_199' title='bbox 528 2739 549 2781; x_wconf 92' lang='lat' dir='ltr'><strong>a</strong></span> <span class='ocrx_word' id='word_1_200' title='bbox 570 2737 651 2780; x_wconf 86' lang='lat' dir='ltr'><strong>rece.</strong></span> <span class='ocrx_word' id='word_1_201' title='bbox 675 2716 729 2779; x_wconf 88' lang='lat' dir='ltr'><strong>ille</strong></span> <span class='ocrx_word' id='word_1_202' title='bbox 750 2715 925 2796; x_wconf 85' lang='lat' dir='ltr'><strong>contendit,</strong></span> <span class='ocrx_word' id='word_1_203' title='bbox 948 2719 1024 2780; x_wconf 85' lang='lat' dir='ltr'><strong>sunt</strong></span> <span class='ocrx_word' id='word_1_204' title='bbox 1044 2715 1078 2780; x_wconf 94' lang='lat' dir='ltr'><strong>in</strong></span> <span class='ocrx_word' id='word_1_205' title='bbox 1093 2714 1219 2780; x_wconf 89' lang='lat' dir='ltr'><strong>Prom.:</strong></span> <span class='ocrx_word' id='word_1_206' title='bbox 1245 2720 1295 2795; x_wconf 91' lang='grc'><strong>35,</strong></span> <span class='ocrx_word' id='word_1_207' title='bbox 1319 2716 1428 2800; x_wconf 81' lang='lat' dir='ltr'><strong>Sept:</strong></span> <span class='ocrx_word' id='word_1_208' title='bbox 1451 2713 1490 2784; x_wconf 78' lang='lat'><strong>29,</strong></span> 
     </span>
     <span class='ocr_line' id='line_1_25' title="bbox 284 2815 1490 2901; baseline -0.006 -16"><span class='ocrx_word' id='word_1_209' title='bbox 284 2820 393 2885; x_wconf 83' lang='lat' dir='ltr'><strong>Pers:</strong></span> <span class='ocrx_word' id='word_1_210' title='bbox 416 2824 466 2886; x_wconf 86' lang='grc'><strong>69.</strong></span> <span class='ocrx_word' id='word_1_211' title='bbox 511 2818 634 2900; x_wconf 89' lang='lat' dir='ltr'><strong>Atque,</strong></span> <span class='ocrx_word' id='word_1_212' title='bbox 657 2823 694 2882; x_wconf 98' lang='grc'><strong>55</strong></span> <span class='ocrx_word' id='word_1_213' title='bbox 716 2819 904 2883; x_wconf 87' lang='lat' dir='ltr'><strong>omittamus</strong></span> <span class='ocrx_word' id='word_1_214' title='bbox 927 2817 1017 2901; x_wconf 87' lang='lat' dir='ltr'><strong>Sept.</strong></span> <span class='ocrx_word' id='word_1_215' title='bbox 1034 2817 1136 2898; x_wconf 79' lang='lat' dir='ltr'><strong>Pera,</strong></span> <span class='ocrx_word' id='word_1_216' title='bbox 1161 2839 1221 2901; x_wconf 86' lang='lat' dir='ltr'><strong>age</strong></span> <span class='ocrx_word' id='word_1_217' title='bbox 1244 2839 1320 2883; x_wconf 89' lang='lat' dir='ltr'><strong>vero</strong></span> <span class='ocrx_word' id='word_1_218' title='bbox 1344 2815 1490 2884; x_wconf 86' lang='lat' dir='ltr'><strong>examine·</strong></span> 
     </span>
     <span class='ocr_line' id='line_1_26' title="bbox 285 2921 1490 3004; baseline -0.005 -18"><span class='ocrx_word' id='word_1_219' title='bbox 285 2944 354 2986; x_wconf 89' lang='lat' dir='ltr'><strong>mus</strong></span> <span class='ocrx_word' id='word_1_220' title='bbox 382 2921 470 2986; x_wconf 90' lang='grc'>15555</span> <span class='ocrx_word' id='word_1_221' title='bbox 499 2943 516 2986; x_wconf 87' lang='grc'><strong>5</strong></span> <span class='ocrx_word' id='word_1_222' title='bbox 544 2921 653 2986; x_wconf 90' lang='lat' dir='ltr'><strong>Prom.</strong></span> <span class='ocrx_word' id='word_1_223' title='bbox 687 2927 840 3004; x_wconf 88' lang='lat' dir='ltr'><strong>sumptos.</strong></span> <span class='ocrx_word' id='word_1_224' title='bbox 886 2921 979 2986; x_wconf 90' lang='lat' dir='ltr'><strong>Inter</strong></span> <span class='ocrx_word' id='word_1_225' title='bbox 1008 2923 1048 2984; x_wconf 90' lang='grc'><strong>35</strong></span> <span class='ocrx_word' id='word_1_226' title='bbox 1074 2921 1145 2985; x_wconf 91' lang='grc'>11155</span> <span class='ocrx_word' id='word_1_227' title='bbox 1173 2926 1249 2986; x_wconf 90' lang='grc'>5555</span> <span class='ocrx_word' id='word_1_228' title='bbox 1271 2925 1321 3002; x_wconf 77' lang='lat'><strong>23,</strong></span> <span class='ocrx_word' id='word_1_229' title='bbox 1353 2921 1410 2986; x_wconf 90' lang='lat' dir='ltr'><strong>ubi</strong></span> <span class='ocrx_word' id='word_1_230' title='bbox 1439 2933 1490 2980; x_wconf 85' lang='lat' dir='ltr'><strong>nou</strong></span> 
     </span>
     <span class='ocr_line' id='line_1_27' title="bbox 285 3023 1485 3107; baseline -0.008 -18"><span class='ocrx_word' id='word_1_231' title='bbox 285 3045 394 3090; x_wconf 88' lang='lat' dir='ltr'><strong>omnes</strong></span> <span class='ocrx_word' id='word_1_232' title='bbox 420 3023 513 3090; x_wconf 86' lang='lat' dir='ltr'><strong>codd.</strong></span> <span class='ocrx_word' id='word_1_233' title='bbox 535 3044 632 3106; x_wconf 84' lang='grc'>5555,</span> <span class='ocrx_word' id='word_1_234' title='bbox 662 3025 718 3088; x_wconf 86' lang='lat' dir='ltr'><strong>sed</strong></span> <span class='ocrx_word' id='word_1_235' title='bbox 745 3024 907 3106; x_wconf 91' lang='lat' dir='ltr'><strong>nonnulli,</strong></span> <span class='ocrx_word' id='word_1_236' title='bbox 931 3024 1058 3107; x_wconf 88' lang='lat' dir='ltr'><strong>saepius</strong></span> <span class='ocrx_word' id='word_1_237' title='bbox 1080 3044 1165 3087; x_wconf 91' lang='lat' dir='ltr'><strong>unus</strong></span> <span class='ocrx_word' id='word_1_238' title='bbox 1187 3023 1289 3104; x_wconf 90' lang='grc'>55155,</span> <span class='ocrx_word' id='word_1_239' title='bbox 1313 3024 1381 3089; x_wconf 90' lang='grc'>5155</span> <span class='ocrx_word' id='word_1_240' title='bbox 1400 3023 1485 3087; x_wconf 88' lang='lat' dir='ltr'><strong>iuter·</strong></span> 
     </span>
    </p>
   </div>
   <div class='ocr_carea' id='block_1_3' title="bbox 161 3124 1486 3212">
    <p class='ocr_par' dir='ltr' id='par_1_4' title="bbox 161 3124 1486 3212">
     <span class='ocr_line' id='line_1_28' title="bbox 161 3124 1486 3212; baseline 0.002 -20"><span class='ocrx_word' id='word_1_241' title='bbox 161 3139 165 3146; x_wconf 87' lang='lat'>&#39;</span> <span class='ocrx_word' id='word_1_242' title='bbox 284 3126 463 3210; x_wconf 87' lang='lat' dir='ltr'><strong>polatione,</strong></span> <span class='ocrx_word' id='word_1_243' title='bbox 501 3126 566 3191; x_wconf 88' lang='grc'>5155</span> <span class='ocrx_word' id='word_1_244' title='bbox 604 3126 719 3192; x_wconf 86' lang='lat' dir='ltr'><strong>calami</strong></span> <span class='ocrx_word' id='word_1_245' title='bbox 755 3127 849 3212; x_wconf 90' lang='lat' dir='ltr'><strong>lapsu</strong></span> <span class='ocrx_word' id='word_1_246' title='bbox 883 3126 1091 3211; x_wconf 88' lang='lat' dir='ltr'><strong>depravatam</strong></span> <span class='ocrx_word' id='word_1_247' title='bbox 1125 3124 1278 3191; x_wconf 88' lang='lat' dir='ltr'><strong>exhibeat</strong></span> <span class='ocrx_word' id='word_1_248' title='bbox 1308 3127 1486 3194; x_wconf 69' lang='grc' dir='ltr'>15551555ωέ</span> 
     </span>
    </p>
   </div>
   <div class='ocr_carea' id='block_1_4' title="bbox 263 3227 1520 4342">
    <p class='ocr_par' dir='ltr' id='par_1_5' title="bbox 285 3227 1490 3808">
     <span class='ocr_line' id='line_1_29' title="bbox 285 3227 1488 3314; baseline -0.008 -20"><span class='ocrx_word' id='word_1_249' title='bbox 285 3227 492 3294; x_wconf 88' lang='lat' dir='ltr'><strong>manifestum</strong></span> <span class='ocrx_word' id='word_1_250' title='bbox 514 3228 613 3312; x_wconf 83' lang='lat' dir='ltr'><strong>igitur</strong></span> <span class='ocrx_word' id='word_1_251' title='bbox 635 3236 694 3313; x_wconf 89' lang='lat' dir='ltr'><strong>est,</strong></span> <span class='ocrx_word' id='word_1_252' title='bbox 716 3230 767 3296; x_wconf 90' lang='lat' dir='ltr'><strong>his</strong></span> <span class='ocrx_word' id='word_1_253' title='bbox 790 3231 980 3314; x_wconf 85' lang='lat' dir='ltr'><strong>corruptelis</strong></span> <span class='ocrx_word' id='word_1_254' title='bbox 1003 3230 1084 3294; x_wconf 90' lang='lat' dir='ltr'><strong>nihil</strong></span> <span class='ocrx_word' id='word_1_255' title='bbox 1104 3229 1261 3294; x_wconf 89' lang='lat' dir='ltr'><strong>infirmari</strong></span> <span class='ocrx_word' id='word_1_256' title='bbox 1277 3230 1488 3295; x_wconf 89' lang='lat' dir='ltr'><strong>universorum</strong></span> 
     </span>
     <span class='ocr_line' id='line_1_30' title="bbox 286 3323 1490 3417; baseline -0.004 -21"><span class='ocrx_word' id='word_1_257' title='bbox 286 3330 432 3397; x_wconf 90' lang='lat' dir='ltr'><strong>codicum</strong></span> <span class='ocrx_word' id='word_1_258' title='bbox 463 3351 545 3395; x_wconf 88' lang='grc'>5555.</span> <span class='ocrx_word' id='word_1_259' title='bbox 575 3331 680 3396; x_wconf 91' lang='lat' dir='ltr'><strong>fidem.</strong></span> <span class='ocrx_word' id='word_1_260' title='bbox 726 3331 859 3417; x_wconf 90' lang='lat' dir='ltr'><strong>Septem</strong></span> <span class='ocrx_word' id='word_1_261' title='bbox 880 3333 971 3413; x_wconf 90' lang='grc'>15515,</span> <span class='ocrx_word' id='word_1_262' title='bbox 1001 3353 1084 3416; x_wconf 88' lang='lat' dir='ltr'><strong>quae</strong></span> <span class='ocrx_word' id='word_1_263' title='bbox 1106 3332 1201 3398; x_wconf 88' lang='lat' dir='ltr'><strong>lectio</strong></span> <span class='ocrx_word' id='word_1_264' title='bbox 1225 3332 1269 3396; x_wconf 89' lang='grc'><strong>515</strong></span> <span class='ocrx_word' id='word_1_265' title='bbox 1290 3323 1490 3415; x_wconf 80' lang='lat' dir='ltr'><strong>praeferenda</strong></span> 
     </span>
     <span class='ocr_line' id='line_1_31' title="bbox 287 3431 1488 3518; baseline -0.006 -20"><span class='ocrx_word' id='word_1_266' title='bbox 287 3440 377 3498; x_wconf 88' lang='lat' dir='ltr'><strong>certo</strong></span> <span class='ocrx_word' id='word_1_267' title='bbox 399 3455 462 3498; x_wconf 90' lang='lat' dir='ltr'><strong>non</strong></span> <span class='ocrx_word' id='word_1_268' title='bbox 486 3440 623 3516; x_wconf 87' lang='lat' dir='ltr'><strong>constat,</strong></span> <span class='ocrx_word' id='word_1_269' title='bbox 647 3456 686 3500; x_wconf 93' lang='lat' dir='ltr'><strong>ne</strong></span> <span class='ocrx_word' id='word_1_270' title='bbox 709 3436 823 3517; x_wconf 88' lang='lat' dir='ltr'><strong>dicam,</strong></span> <span class='ocrx_word' id='word_1_271' title='bbox 845 3435 896 3501; x_wconf 89' lang='grc'><strong>551</strong></span> <span class='ocrx_word' id='word_1_272' title='bbox 918 3437 1031 3500; x_wconf 91' lang='lat' dir='ltr'><strong>melius</strong></span> <span class='ocrx_word' id='word_1_273' title='bbox 1055 3456 1125 3499; x_wconf 89' lang='grc'>5555</span> <span class='ocrx_word' id='word_1_274' title='bbox 1140 3435 1228 3518; x_wconf 90' lang='lat' dir='ltr'><strong>quod</strong></span> <span class='ocrx_word' id='word_1_275' title='bbox 1243 3456 1323 3500; x_wconf 90' lang='lat' dir='ltr'><strong>rece.</strong></span> <span class='ocrx_word' id='word_1_276' title='bbox 1339 3431 1488 3500; x_wconf 84' lang='lat' dir='ltr'><strong>exhibent.</strong></span> 
     </span>
     <span class='ocr_line' id='line_1_32' title="bbox 285 3536 1490 3624; baseline -0.001 -20"><span class='ocrx_word' id='word_1_277' title='bbox 285 3536 427 3604; x_wconf 83' lang='lat' dir='ltr'><strong>Restant</strong></span> <span class='ocrx_word' id='word_1_278' title='bbox 457 3537 599 3621; x_wconf 91' lang='lat' dir='ltr'><strong>quinque</strong></span> <span class='ocrx_word' id='word_1_279' title='bbox 630 3538 785 3604; x_wconf 88' lang='lat' dir='ltr'><strong>lectiones</strong></span> <span class='ocrx_word' id='word_1_280' title='bbox 816 3538 859 3624; x_wconf 88' lang='lat' dir='ltr'><strong>(v.</strong></span> <span class='ocrx_word' id='word_1_281' title='bbox 892 3543 961 3605; x_wconf 81' lang='lat'><strong>140.</strong></span> <span class='ocrx_word' id='word_1_282' title='bbox 995 3543 1067 3602; x_wconf 89' lang='grc'>371.</span> <span class='ocrx_word' id='word_1_283' title='bbox 1099 3542 1171 3602; x_wconf 76' lang='grc'>388.</span> <span class='ocrx_word' id='word_1_284' title='bbox 1200 3542 1271 3604; x_wconf 90' lang='grc'>518.</span> <span class='ocrx_word' id='word_1_285' title='bbox 1296 3540 1384 3624; x_wconf 85' lang='grc'>677),</span> <span class='ocrx_word' id='word_1_286' title='bbox 1412 3549 1490 3616; x_wconf 71' lang='lat' dir='ltr'><strong>quat</strong></span> 
     </span>
     <span class='ocr_line' id='line_1_33' title="bbox 287 3628 1488 3728; baseline -0.002 -23"><span class='ocrx_word' id='word_1_287' title='bbox 287 3660 360 3705; x_wconf 92' lang='lat' dir='ltr'><strong>oum</strong></span> <span class='ocrx_word' id='word_1_288' title='bbox 387 3644 475 3704; x_wconf 91' lang='lat' dir='ltr'><strong>recte</strong></span> <span class='ocrx_word' id='word_1_289' title='bbox 506 3638 678 3706; x_wconf 88' lang='lat' dir='ltr'><strong>tradiderit</strong></span> <span class='ocrx_word' id='word_1_290' title='bbox 709 3641 779 3708; x_wconf 91' lang='lat' dir='ltr'><strong>cod.</strong></span> <span class='ocrx_word' id='word_1_291' title='bbox 809 3642 974 3708; x_wconf 87' lang='lat' dir='ltr'><strong>Mediceus</strong></span> <span class='ocrx_word' id='word_1_292' title='bbox 1005 3642 1197 3728; x_wconf 89' lang='lat' dir='ltr'><strong>depravatas</strong></span> <span class='ocrx_word' id='word_1_293' title='bbox 1231 3640 1375 3707; x_wconf 90' lang='lat' dir='ltr'><strong>habeant</strong></span> <span class='ocrx_word' id='word_1_294' title='bbox 1408 3628 1488 3702; x_wconf 83' lang='lat' dir='ltr'><strong>codd·</strong></span> 
     </span>
     <span class='ocr_line' id='line_1_34' title="bbox 286 3762 512 3808; baseline -0.004 0"><span class='ocrx_word' id='word_1_295' title='bbox 286 3763 369 3808; x_wconf 90' lang='grc'>5555.</span> <span class='ocrx_word' id='word_1_296' title='bbox 392 3762 512 3808; x_wconf 88' lang='lat' dir='ltr'><strong>omnes.</strong></span> 
     </span>
    </p>

    <p class='ocr_par' dir='ltr' id='par_1_6' title="bbox 263 3835 1520 4342">
     <span class='ocr_line' id='line_1_35' title="bbox 373 3835 1489 3931; baseline -0.007 -17"><span class='ocrx_word' id='word_1_297' title='bbox 373 3844 455 3927; x_wconf 85' lang='lat' dir='ltr'><strong>Sed,</strong></span> <span class='ocrx_word' id='word_1_298' title='bbox 493 3851 531 3912; x_wconf 93' lang='lat' dir='ltr'><strong>ut</strong></span> <span class='ocrx_word' id='word_1_299' title='bbox 566 3846 678 3931; x_wconf 87' lang='lat' dir='ltr'><strong>paucis</strong></span> <span class='ocrx_word' id='word_1_300' title='bbox 716 3844 835 3928; x_wconf 86' lang='lat' dir='ltr'><strong>dicam,</strong></span> <span class='ocrx_word' id='word_1_301' title='bbox 874 3868 915 3912; x_wconf 91' lang='grc'><strong>55</strong></span> <span class='ocrx_word' id='word_1_302' title='bbox 952 3869 1051 3914; x_wconf 90' lang='lat' dir='ltr'><strong>uuum</strong></span> <span class='ocrx_word' id='word_1_303' title='bbox 1084 3847 1214 3931; x_wconf 91' lang='lat' dir='ltr'><strong>quidem</strong></span> <span class='ocrx_word' id='word_1_304' title='bbox 1249 3847 1356 3913; x_wconf 86' lang='lat' dir='ltr'><strong>locum</strong></span> <span class='ocrx_word' id='word_1_305' title='bbox 1391 3835 1489 3910; x_wconf 73' lang='lat' dir='ltr'><strong>attulit</strong></span> 
     </span>
     <span class='ocr_line' id='line_1_36' title="bbox 263 3947 1520 4034; baseline 0.002 -20"><span class='ocrx_word' id='word_1_306' title='bbox 263 3947 489 4032; x_wconf 78' lang='lat' dir='ltr'><strong>&#39;Dindorfiuq</strong></span> <span class='ocrx_word' id='word_1_307' title='bbox 516 3972 534 4016; x_wconf 96' lang='grc'><strong>5</strong></span> <span class='ocrx_word' id='word_1_308' title='bbox 557 3971 621 4033; x_wconf 91' lang='lat' dir='ltr'><strong>quo</strong></span> <span class='ocrx_word' id='word_1_309' title='bbox 644 3955 818 4034; x_wconf 89' lang='lat' dir='ltr'><strong>appareret</strong></span> <span class='ocrx_word' id='word_1_310' title='bbox 840 3949 983 4017; x_wconf 91' lang='lat' dir='ltr'><strong>codicem</strong></span> <span class='ocrx_word' id='word_1_311' title='bbox 998 3950 1178 4016; x_wconf 89' lang='lat' dir='ltr'><strong>Mediceum</strong></span> <span class='ocrx_word' id='word_1_312' title='bbox 1202 3972 1270 4016; x_wconf 89' lang='grc'>5555</span> <span class='ocrx_word' id='word_1_313' title='bbox 1292 3951 1488 4030; x_wconf 74' lang='lat' dir='ltr'><strong>archetypum</strong></span> <span class='ocrx_word' id='word_1_314' title='bbox 1519 3969 1520 4017; x_wconf 65' lang='grc'>1</span> 
     </span>
     <span class='ocr_line' id='line_1_37' title="bbox 288 4039 1486 4138; baseline -0.009 -21"><span class='ocrx_word' id='word_1_315' title='bbox 288 4057 479 4120; x_wconf 88' lang='lat' dir='ltr'><strong>ceterorum.</strong></span> <span class='ocrx_word' id='word_1_316' title='bbox 535 4053 734 4136; x_wconf 82' lang='lat' dir='ltr'><strong>Conquirere</strong></span> <span class='ocrx_word' id='word_1_317' title='bbox 767 4053 1034 4138; x_wconf 88' lang='lat' dir='ltr'><strong>interpolationes</strong></span> <span class='ocrx_word' id='word_1_318' title='bbox 1066 4054 1272 4121; x_wconf 88' lang='lat' dir='ltr'><strong>librariorum</strong></span> <span class='ocrx_word' id='word_1_319' title='bbox 1305 4074 1387 4118; x_wconf 87' lang='lat' dir='ltr'><strong>rece.</strong></span> <span class='ocrx_word' id='word_1_320' title='bbox 1420 4039 1486 4110; x_wconf 87' lang='lat' dir='ltr'><strong>satis</strong></span> 
     </span>
     <span class='ocr_line' id='line_1_38' title="bbox 287 4153 1487 4241; baseline -0.003 -21"><span class='ocrx_word' id='word_1_321' title='bbox 287 4153 388 4220; x_wconf 90' lang='lat' dir='ltr'><strong>habet</strong></span> <span class='ocrx_word' id='word_1_322' title='bbox 410 4160 444 4219; x_wconf 91' lang='lat' dir='ltr'><strong>et</strong></span> <span class='ocrx_word' id='word_1_323' title='bbox 465 4153 573 4220; x_wconf 88' lang='lat' dir='ltr'><strong>invehi</strong></span> <span class='ocrx_word' id='word_1_324' title='bbox 595 4157 629 4221; x_wconf 91' lang='lat' dir='ltr'><strong>in</strong></span> <span class='ocrx_word' id='word_1_325' title='bbox 652 4177 762 4222; x_wconf 92' lang='lat' dir='ltr'><strong>eorum</strong></span> <span class='ocrx_word' id='word_1_326' title='bbox 784 4158 1020 4241; x_wconf 90' lang='lat' dir='ltr'><strong>stupiditatem,</strong></span> <span class='ocrx_word' id='word_1_327' title='bbox 1044 4158 1137 4241; x_wconf 89' lang='lat' dir='ltr'><strong>quasi</strong></span> <span class='ocrx_word' id='word_1_328' title='bbox 1159 4179 1245 4237; x_wconf 86' lang='lat' dir='ltr'><strong>vero,</strong></span> <span class='ocrx_word' id='word_1_329' title='bbox 1268 4157 1295 4220; x_wconf 92' lang='grc'><strong>51</strong></span> <span class='ocrx_word' id='word_1_330' title='bbox 1310 4156 1487 4240; x_wconf 75' lang='lat' dir='ltr'><strong>fingeremus</strong></span> 
     </span>
     <span class='ocr_line' id='line_1_39' title="bbox 286 4255 1519 4342; baseline 0 -20"><span class='ocrx_word' id='word_1_331' title='bbox 286 4255 430 4322; x_wconf 89' lang='lat' dir='ltr'><strong>codicem</strong></span> <span class='ocrx_word' id='word_1_332' title='bbox 452 4258 593 4342; x_wconf 88' lang='lat' dir='ltr'><strong>aliquem</strong></span> <span class='ocrx_word' id='word_1_333' title='bbox 607 4258 752 4326; x_wconf 89' lang='lat' dir='ltr'><strong>Mediceo</strong></span> <span class='ocrx_word' id='word_1_334' title='bbox 774 4259 939 4328; x_wconf 89' lang='lat' dir='ltr'><strong>meliorem</strong></span> <span class='ocrx_word' id='word_1_335' title='bbox 955 4267 988 4327; x_wconf 90' lang='lat' dir='ltr'><strong>et</strong></span> <span class='ocrx_word' id='word_1_336' title='bbox 1003 4260 1160 4327; x_wconf 87' lang='lat' dir='ltr'><strong>sexcentis</strong></span> <span class='ocrx_word' id='word_1_337' title='bbox 1175 4260 1268 4325; x_wconf 90' lang='lat' dir='ltr'><strong>annis</strong></span> <span class='ocrx_word' id='word_1_338' title='bbox 1283 4258 1485 4324; x_wconf 69' lang='lat' dir='ltr'><strong>vetustiorem</strong></span> <span class='ocrx_word' id='word_1_339' title='bbox 1518 4283 1519 4286; x_wconf 42' lang='lat'>¹</span> 
     </span>
    </p>
   </div>
   <div class='ocr_carea' id='block_1_5' title="bbox 287 4331 1519 4546">
    <p class='ocr_par' dir='ltr' id='par_1_7' title="bbox 287 4331 1519 4546">
     <span class='ocr_line' id='line_1_40' title="bbox 287 4331 1519 4448; baseline -0.002 -22"><span class='ocrx_word' id='word_1_340' title='bbox 287 4357 424 4426; x_wconf 90' lang='lat' dir='ltr'><strong>hicnon</strong></span> <span class='ocrx_word' id='word_1_341' title='bbox 447 4359 558 4428; x_wconf 88' lang='lat' dir='ltr'><strong>eodem</strong></span> <span class='ocrx_word' id='word_1_342' title='bbox 580 4363 675 4430; x_wconf 90' lang='lat' dir='ltr'><strong>modo</strong></span> <span class='ocrx_word' id='word_1_343' title='bbox 703 4367 856 4448; x_wconf 86' lang='lat' dir='ltr'><strong>expertus</strong></span> <span class='ocrx_word' id='word_1_344' title='bbox 883 4372 967 4431; x_wconf 92' lang='lat' dir='ltr'><strong>esset</strong></span> <span class='ocrx_word' id='word_1_345' title='bbox 989 4364 1109 4430; x_wconf 90' lang='lat' dir='ltr'><strong>malam</strong></span> <span class='ocrx_word' id='word_1_346' title='bbox 1132 4385 1263 4428; x_wconf 88' lang='lat' dir='ltr'><strong>manum</strong></span> <span class='ocrx_word' id='word_1_347' title='bbox 1286 4361 1483 4447; x_wconf 76' lang='lat' dir='ltr'><strong>posteriorum</strong></span> <span class='ocrx_word' id='word_1_348' title='bbox 1518 4331 1519 4403; x_wconf 78' lang='lat' dir='ltr'><strong>l</strong></span> 
     </span>
     <span class='ocr_line' id='line_1_41' title="bbox 287 4463 646 4546; baseline 0.006 -18"><span class='ocrx_word' id='word_1_349' title='bbox 287 4463 582 4546; x_wconf 83' lang='lat' dir='ltr'><strong>grammaticorum.</strong></span> <span class='ocrx_word' id='word_1_350' title='bbox 607 4501 646 4512; x_wconf 90' lang='lat'>-</span> 
     </span>
    </p>
   </div>
   <div class='ocr_carea' id='block_1_6' title="bbox 1513 4907 1517 4965">
    <p class='ocr_par' dir='ltr' id='par_1_8' title="bbox 1513 4907 1517 4965">
     <span class='ocr_line' id='line_1_42' title="bbox 1513 4907 1517 4965; baseline 0 0"><span class='ocrx_word' id='word_1_351' title='bbox 1513 4907 1517 4965; x_wconf 90' lang='lat' dir='ltr'><strong>l</strong></span> 
     </span>
    </p>
   </div>
   <div class='ocr_carea' id='block_1_7' title="bbox 0 0 1576 4998">
    <p class='ocr_par' dir='ltr' id='par_1_9' title="bbox 0 0 1576 4998">
     <span class='ocr_line' id='line_1_43' title="bbox 0 0 1576 4998; baseline 0 0"><span class='ocrx_word' id='word_1_352' title='bbox 0 0 1576 4998; x_wconf 95' lang='lat' dir='ltr'><strong> </strong></span> 
     </span>
    </p>
   </div>
  </div>
 </body>
</html>
