3134 4998
813 263 858 328 42

734 348 943 362 *kq—..—

281 457 432 525 Horatius
454 461 533 522 κατὰ
554 461 586 522 τὸ
605 464 696 525 ποσόν
717 457 899 544 tragoediae
921 459 1081 551 praecepit
1102 465 1135 524 et
1156 457 1197 533 εἰς
1217 459 1394 544 ἂδιαιρεῖται

282 571 355 652 μέρη
380 569 439 629 art.
464 568 548 649 poet.
573 588 601 630 r.
629 567 713 632 189.:

350 670 447 754 ,Neve
466 673 571 737 minor
585 695 647 737 neu
664 673 706 738 sit
728 673 841 756 quinto
856 672 1040 756 productior
1053 676 1126 738 actu
1146 669 1152 760 l
1172 672 1289 753 fabula,
1313 696 1394 758 quac

282 779 367 862 posci
390 779 460 843 vult
482 783 514 844 et
532 781 673 863 spectata
687 779 816 862 reponi'
854 777 912 844 Oui
931 785 1111 865 praecepto,
1135 779 1218 864 quod
1243 803 1281 846 ex
1295 780 1393 846 Grae-

280 908 387 952 carum
412 886 592 951 fabularum
616 886 798 951 oeconomia
820 885 992 970 repetitum
1016 887 1194 970 putandum
1216 891 1272 966 est,
1297 910 1392 972 quarn

282 994 418 1058 maxime
441 993 661 1078 magnitudine
684 992 891 1059 Prometheus
914 993 1076 1060 satisfacit.
1115 994 1222 1061 Divisa
1245 995 1329 1060 enim
1349 997 1394 1060 est

280 1100 389 1166 fabula
411 1102 444 1165 in
468 1101 608 1185 quinque
631 1103 726 1179 actus,
760 1101 815 1184 qui
841 1101 902 1184 ipsi
934 1101 1125 1166 carminibus
1151 1102 1282 1167 choricis
1306 1100 1394 1184 quasi

280 1208 423 1274 terminis
444 1211 643 1291 separantur;
666 1207 787 1291 primus
809 1210 896 1272 actus
918 1228 941 1272 s.
964 1207 1117 1293 prologus
1131 1208 1311 1272 continetur
1324 1230 1394 1272 ver·

280 1313 365 1378 sibus
390 1315 529 1392 1-127,
553 1315 635 1378 altar
657 1334 679 1377 s.
705 1314 843 1398 primum
867 1313 1039 1398 episodium
1065 1315 1248 1394 193-396,
1281 1316 1394 1380 tertius

281 1419 467 1499 reu-525,
492 1423 624 1504 quartus
647 1420 832 1500 561-886,
856 1421 987 1504 quintus
1009 1443 1033 1487 s.
1051 1421 1168 1486 exodus
1183 1421 1257 1486 inde
1270 1443 1289 1486 a
1304 1444 1394 1486 remu

282 1527 355 1594 907.
378 1527 501 1610 incipit.
549 1526 734 1611 Priusquam
767 1548 841 1592 vero
874 1548 991 1606 eorum,
1024 1549 1105 1610 quae
1136 1528 1222 1592 intra
1253 1529 1395 1614 singulos

282 1639 369 1700 actus
392 1657 411 1698 a
434 1655 521 1700 more
544 1634 719 1720 Aeschyleo
744 1635 846 1699 aliena
873 1634 1088 1712 inueniuntur,
1122 1635 1314 1700 mentionem
1346 1634 1398 1728 fg

281 1743 388 1819 cimus,
411 1741 537 1806 chorica
560 1742 698 1806 carmina
721 1740 857 1807 breviter
880 1742 1046 1827 attingam.
1083 1740 1239 1827 Prologus
1257 1743 1394 1828 aprime

282 1849 420 1933 episodic
444 1848 629 1914 distrahitur
652 1850 798 1929 carmine,
822 1848 907 1932 quod
931 1849 1010 1933 quin
1032 1849 1073 1913 sit
1096 1848 1232 1934 paredus
1256 1849 1395 1922 dubitari
1514 1861 1516 1869 ’

282 1957 402 2040 nequit.
440 1956 580 2020 Primum
605 1957 688 2022 enim
711 1957 788 2021 haec
810 1956 966 2020 sententia
989 1955 1194 2021 confirmatur
1212 1955 1395 2022 definitione

282 2062 465 2128 ,Aristotelia
487 2063 659 2146 inposta.
677 2064 743 2130 la:
767 2063 897 2147 πάροδος
920 2066 971 2149 μὲν
992 2067 1094 2148 πρώτη
1107 2061 1184 2136 λέξις
1206 2061 1277 2127 ὅλου
1291 2073 1395 2149 χοροῦ,

282 2169 394 2235 deinde
425 2169 544 2234 indicat
576 2169 698 2248 chorus,
731 2171 766 2233 δι’
797 2171 834 2256 ἣν
865 2166 959 2236 αἰτίαν
990 2174 1131 2254 πάρεσαν,
1165 2171 1298 2254 denique
1330 2194 1395 2236 non

282 2277 396 2342 desunt
418 2278 592 2361 anapaesti,
616 2299 694 2361 quos
708 2275 893 2343 Aristoteles
917 2277 1080 2361 Sophoclis
1104 2281 1136 2342 et
1150 2277 1309 2362 Euripidis
1329 2281 1397 2343 tra·

283 2384 402 2470 goediis
425 2384 572 2468 respectis
594 2383 705 2468 paredi
737 2386 883 2470 proprios
906 2384 1121 2450 vindicaverat
1143 2407 1191 2465 eu,
1225 2385 1307 2468 quod
1330 2391 1396 2450 sta-

282 2492 396 2558 simum
427 2492 596 2557 definiebat
627 2493 684 2557 sic:
717 2497 855 2579 στάσιμον
882 2494 914 2557 δὲ
942 2495 1151 2580 phinepopoli
1178 2497 1210 2557 τὸ
1233 2491 1300 2558 ἄνευ
1324 2491 1396 2558 ἀνα-

281 2604 402 2664 παίστα)
423 2603 477 2663 καὶ
497 2603 646 2685 τροχαίου.
684 2599 765 2664 Vide
788 2599 826 2664 de
849 2600 908 2664 hac
925 2622 959 2664 re
973 2599 1151 2684 Westphal.
1167 2598 1396 2685 Prolegomena

283 2705 322 2772 ad
346 2705 494 2790 Aeschyli
517 2704 704 2790 tragoedias,
728 2705 812 2789 Lips.
838 2707 932 2784 1869,
957 2729 988 2789 p.
1009 2707 1150 2772 57-68.
1197 2690 1256 2772 Sed
1281 2727 1397 2792 magna

283 2817 329 2880 est
352 2813 529 2878 differentia
552 2811 673 2877 formae
696 2817 728 2878 et
750 2813 874 2896 speciei,
905 2834 986 2896 quae
1013 2813 1098 2878 inter
1121 2815 1240 2877 ceteras
1262 2812 1397 2896 perodos

283 2919 471 3004 Aeschyleas
494 2924 526 2985 et
548 2919 728 2986 Promethei
751 2923 863 2985 exstat.
910 2919 994 2985 Nam
1022 2943 1092 2985 cum
1121 2920 1250 2997 inillis,
1283 2921 1397 3005 quibus

283 3030 409 3112 quidem
433 3028 596 3112 anapaesti
619 3027 758 3092 adiuncti
785 3028 859 3106 sint,
892 3027 1092 3110 anapaestica
1123 3030 1295 3112 systemata
1326 3027 1398 3092 uni·

283 3137 362 3203 versi
386 3136 474 3202 chori
497 3135 621 3202 cantico
644 3135 813 3219 praemissa
834 3156 852 3199 a
872 3133 1048 3219 coryphaec
1064 3134 1245 3212 recitentur,
1270 3135 1303 3198 in
1318 3133 1397 3200 Pro-

283 3245 408 3310 metheo
440 3243 529 3308 chori
558 3242 697 3326 strophis
728 3242 910 3306 intermixta
940 3239 997 3305 ἀπὸ
1021 3251 1133 3328 σκηνῆς
1162 3243 1330 3321 canuntur,
1363 3246 1400 3306 ut

283 3374 364 3436 quae
386 3349 574 3417 commatice
597 3352 735 3427 vocatur,
760 3348 898 3432 paredus
920 3350 1077 3414 nascatur.
1116 3346 1223 3413 Talem
1239 3369 1312 3412 vero
1331 3347 1398 3411 for-

151 3465 155 3476 '
283 3482 368 3525 mam
399 3457 581 3543 parodicam
613 3456 653 3521 ab
676 3455 832 3539 Aeschylo
865 3456 1001 3520 alienam
1034 3455 1130 3539 primi
1162 3455 1195 3519 in
1226 3476 1318 3519 usum
1349 3477 1400 3520 re·

285 3568 436 3650 ceperunt
450 3565 622 3649 Sophocles
641 3570 673 3629 et
686 3563 860 3647 Euripides,
885 3563 939 3647 qui
963 3585 1118 3628 novarum
1140 3583 1245 3628 rerum
1268 3561 1400 3627 studiosi

284 3673 460 3757 antiquitus
482 3672 633 3736 traditam
656 3671 889 3754 simplicitatem
913 3670 1014 3755 magis
1037 3671 1200 3754 magisque
1215 3669 1398 3734 omiserunt.

284 3779 358 3845 Alia
380 3782 522 3844 mutatae
545 3779 665 3844 formae
688 3777 855 3862 parodicae
882 3799 975 3842 causa
1003 3775 1174 3862 repetenda
1202 3779 1250 3840 est
1272 3798 1290 3840 a
1313 3775 1401 3840 chori

284 3887 481 3964 auctoritate,
514 3878 569 3969 q'ui
592 3889 736 3950 actorum
765 3883 921 3970 dignitate
944 3883 1136 3968 amplificata
1159 3882 1198 3948 de
1221 3883 1398 3967 praecipuo,

284 4016 378 4077 quem
409 3997 504 4059 antea
536 3993 725 4071 obtinuerat,
758 3991 828 4056 loco
860 3991 1027 4057 descendit.
1078 3989 1175 4074 Apud
1208 3989 1400 4074 Aeschylum

284 4100 410 4184 quidem
443 4101 558 4165 chorus
589 4121 705 4184 pompa
732 4097 897 4184 splendida
922 4097 1116 4162 orchestram
1138 4097 1295 4183 ingressus
1317 4096 1402 4180 ipsos

283 4210 481 4291 spectatores
504 4207 688 4291 alloquitur.
728 4205 816 4282 Quod
840 4206 923 4270 idem
946 4205 1031 4270 valet
1052 4205 1086 4268 in
1109 4203 1306 4282 Eumenides,
1330 4225 1400 4269 cum

284 4315 415 4400 propria
438 4315 575 4400 parodns
597 4313 670 4378 inde
693 4337 712 4378 a
735 4335 826 4378 versu
849 4313 924 4378 307.
952 4312 1091 4396 incipere
1117 4311 1271 4390 videatur,
1304 4332 1400 4394 quam
