3134 4998
759 11 806 73 “x

685 254 842 361 'aa

264 486 362 555 odam*
387 487 485 555 οὔποτ’
509 486 623 576 ηἰίχουν
645 489 752 565 ξένους,
780 513 851 556 oum
875 489 996 555 dnobus
1019 490 1170 556 doohmiis
1192 491 1226 555 in
1250 513 1278 556 v.
1303 489 1377 555 575.

264 595 375 685 ἀχέτας
398 594 557 663 ὑπνοδόταν
578 602 676 682 νόμον·
699 594 735 662 ἰὼ
761 594 797 662 ἰὼ
820 603 917 672 πόποι,
950 597 1084 662 admissa
1115 596 1208 662 simul
1239 600 1313 662 ante
1343 593 1379 660 ’ut

262 704 384 790 syllaba
406 705 547 789 ancipiti,
571 705 622 770 eui
644 711 751 771 tamen
775 704 816 769 ab
838 704 1108 770 interiectionibus
1128 707 1241 789 parata
1256 707 1303 769 est
1326 727 1379 769 ex·

263 814 394 878 cusatio.
441 812 528 877 Duos
550 813 681 878 oretiooa
705 811 868 877 dochmiue
890 813 1091 897 subsequitur
1118 813 1151 877 in
1176 835 1205 878 v.
1229 812 1305 879 595.
1329 815 1380 877 τὰν

263 922 448 1005 ταλαίπωρον
478 917 530 983 ὧδ’
564 917 654 1006 ἔτυμα
686 921 868 1004 προςθροεῑς.
919 919 1039 985 Contra
1071 920 1233 986 doehmius
1265 920 1379 986 oretieo

263 1027 481 1112 praemittitur
503 1027 536 1090 in
560 1048 589 1090 v.
607 1028 680 1093 117.
702 1024 783 1092 ἵκετο
805 1032 950 1114 τερμόνιον
972 1025 1020 1091 ἐπὶ
1042 1031 1146 1108 πάγον,
1169 1026 1291 1092 duobus
1314 1048 1380 1091 ore·

265 1137 336 1201 tiois
367 1135 402 1200 in
432 1135 506 1201 588.
529 1135 626 1207 κλ6εις
649 1135 771 1222 φθέγμα
793 1145 846 1208 τᾶς
869 1137 999 1220 βοίικερω
1021 1137 1183 1220 aramma
1214 1133 1380 1219 Exempla,

264 1265 345 1327 quae
376 1243 460 1307 inter
491 1241 653 1306 doohmios
684 1241 803 1306 medios
831 1242 950 1308 habent
973 1243 1111 1320 aretinos,
1144 1245 1219 1307 sunt
1241 1242 1313 1320 duo,
1345 1242 1381 1305 in

263 1373 293 1415 v.
309 1350 383 1416 582.
408 1349 492 1414 enim
514 1353 579 1433 πυρί
602 1371 638 1434 με
657 1347 771 1432 φλέξον,
794 1347 924 1435 ἤχθονί
941 1350 1084 1435 κάλυψον,
1107 1347 1265 1435 ἢποντίοις
1281 1349 1381 1413 δάκεσι

265 1459 316 1531 δὸς
330 1460 419 1541 βοράν
441 1457 574 1522 creticus
587 1459 711 1528 ποντίοις
727 1456 907 1521 doehminm
921 1457 1048 1522 finalem
1064 1425 1275 1551 πλρρατέλευτος
1289 1477 1380 1540 prae·

265 1565 356 1631 eedit.
403 1563 477 1629 Pari
499 1562 594 1629 modo
616 1563 651 1627 in
674 1586 702 1630 v.
727 1564 801 1630 577.
833 1565 974 1647 quinque
1005 1563 1112 1628 cretici
1136 1563 1289 1629 doebmiis
1312 1563 1380 1628 oin·

264 1675 386 1759 guntur
411 1675 439 1736 πί
465 1676 535 1736 ποτε
563 1668 620 1757 ρἰἶι
643 1667 749 1755 Κρόνιε
775 1681 838 1748 παῖ,
870 1675 896 1735 τί
918 1692 986 1736 ποτε
1008 1672 1101 1736 ταῖσδ’
1125 1669 1271 1744 ἐνέζευξας
1293 1665 1381 1754 εὑρὼν

263 1777 451 1866 ἁμαρτοῦσαν
473 1776 503 1842 ἐν
524 1779 716 1866 πημοσίιναις,
739 1775 785 1864 ἐή.
832 1777 1017 1844 Geminatus
1045 1779 1208 1844 doehmius
1234 1779 1268 1842 in
1291 1779 1379 1862 prin-

264 1889 345 1972 eipio
377 1887 475 1952 totius
506 1886 657 1970 strophae
685 1886 807 1970 positus
836 1889 883 1950 est
906 1909 934 1953 ν.
960 1887 1034 1953 687.
1059 1884 1095 1949 ἔα
1118 1883 1165 1959 ἔα,
1189 1884 1292 1971 ἄπεχε,
1316 1893 1378 1971 φεῦ.

264 1990 374 2078 Neque
397 1993 458 2056 arsi
481 1992 667 2075 incipientes
689 1992 783 2076 pedes
797 1994 921 2076 generis
943 1989 1077 2079 ἡμιολίου
1094 2015 1159 2056 non
1178 1990 1379 2071 adhibentur,

264 2104 301 2166 ut
322 2099 502 2184 tetrapodia
525 2098 691 2164 bacehiaea
714 2121 742 2164 ν.
770 2099 842 2164 115.
874 2103 916 2172 τίς
948 2098 1026 2187 ἀχὼ,
1057 2105 1101 2172 τίς
1127 2097 1206 2185 ὀδμὰ
1233 2104 1380 2184 προσέπτα

264 2207 437 2297 μ’ἀφτγγής.
485 2205 642 2289 Sequitur,
670 2209 707 2270 nt
729 2207 853 2290 generis
876 2206 1001 2290 diplasii
1025 2206 1181 2286 ordinum,
1206 2208 1261 2290 qui
1284 2205 1380 2271 doeh-

265 2316 336 2380 miis
359 2313 492 2380 admixti
514 2317 599 2391 sunt,
623 2312 787 2399 indagatio
802 2312 936 2380 ineatur.
968 2312 1120 2397 Tripodia
1134 2313 1268 2378 iambica
1282 2313 1381 2378 doeh-

266 2424 403 2487 miornm
426 2420 530 2485 ordini
552 2420 655 2485 media
678 2419 841 2485 interiecta
864 2423 997 2505 apparet
1019 2421 1054 2484 in
1077 2420 1167 2487 573.;

500 2525 532 2600 ἐξ
555 2525 658 2613 ἐνέρων
680 2539 774 2612 περῶν
796 2539 941 2608 κυναγετεῖ
963 2529 1062 2612 πλανᾷ

500 2658 530 2698 τε
551 2647 647 2721 νῆσπν
669 2633 726 2700 ἀνὰ
747 2637 801 2699 τὰν
822 2636 969 2719 παραλίαν
992 2639 1125 2721 ψάμμαν.

332 2742 496 2807 Diiambus
528 2765 599 2808 eum
629 2742 774 2806 doebmio
798 2742 1053 2825 hypercataleeto
1082 2743 1249 2827 copulatus
1277 2745 1381 2808 exstat

266 2852 301 2915 in
334 2873 362 2916 v.
386 2851 460 2916 580.
493 2846 674 2935 οἰστρηλάτῳ
705 2850 738 2912 δὲ
768 2850 879 2935 δείματι
909 2850 1046 2914 δειλαίαν.
1098 2850 1381 2934 Frequentissimus

268 2979 342 3022 vero
374 2960 421 3021 est
443 2957 587 3022 trimeter
609 2955 774 3035 iambitur,
799 2957 910 3039 quiin
934 2956 987 3021 Ius
1010 2957 1130 3040 proodo
1154 2962 1266 3040 quater
1289 2978 1379 3021 usur·

271 3069 368 3150 patur
391 3065 425 3128 in
448 3086 498 3128 νν.
517 3065 603 3142 567,
627 3063 714 3141 568,
738 3064 824 3142 569,
849 3064 934 3142 571,
959 3085 1093 3147 quorum
1111 3065 1211 3128 tribus
1225 3063 1381 3147 prioribus

266 3171 299 3236 id
323 3192 490 3236 commune
513 3173 569 3253 est,
592 3169 677 3254 quod
701 3171 840 3255 primum
854 3170 966 3254 pedem
980 3170 1098 3235 habent
1112 3169 1380 3244 irrationabilem

268 3279 410 3343 omnium
433 3280 558 3357 autem,
584 3277 621 3342 de
644 3277 758 3360 quibus
780 3300 882 3344 sermo
905 3282 961 3355 est,
984 3278 1211 3356 trimetrorum,
1235 3300 1307 3342 oum
1330 3301 1382 3342 ea-

267 3385 404 3450 taleetiei
427 3385 509 3463 sint,
534 3385 631 3449 thesis
654 3383 852 3468 paenultima
874 3387 1017 3468 tempore
1040 3385 1168 3450 trisemo
1191 3385 1381 3450 continetur.

268 3491 327 3557 Oui
350 3492 467 3557 areium
491 3489 597 3574 ἀλογία
620 3495 652 3555 et
666 3492 933 3574 paenultimarum
947 3490 1084 3556 thesium
1097 3503 1168 3576 πονῇ
1183 3492 1232 3554 vel
1246 3490 1382 3554 maxime

268 3599 432 3677 convenit,
465 3597 549 3681 quod
582 3596 690 3663 erebra
722 3597 939 3663 doehmiorum
962 3599 1080 3663 solutio
1103 3599 1237 3676 vitatur,
1262 3619 1325 3680 qua
1348 3620 1382 3662 re

269 3705 419 3770 tarditate
443 3705 553 3770 effecta
576 3708 607 3769 et
629 3705 787 3790 gravitate
809 3727 916 3770 versus
934 3707 1065 3790 propius
1078 3705 1162 3770 inter
1174 3727 1206 3769 se
1222 3705 1381 3772 accedant.

270 3813 360 3888 Quod
387 3810 471 3876 idem
500 3812 637 3896 quadrat
664 3812 698 3876 in
725 3811 907 3877 trimetrum
939 3835 965 3877 v.
998 3813 1073 3878 695.
1101 3811 1214 3898 πέφρικ’
1238 3809 1384 3877 εἰσιδοῦσα

268 3918 370 4005 πρᾶξιν
403 3916 494 3998 Ἰοῦς,
524 3919 580 4004 qui
608 3921 681 4002 post
712 3919 876 3986 doohmios
906 3920 1114 4003 πρωπαλόνους
1146 3924 1178 3984 et
1210 3917 1383 4007 ἀμφάλογον

270 4027 388 4110 duplici
421 4027 557 4091 catalexi
588 4028 701 4090 ornata
733 4030 789 4090 est.
836 4025 981 4108 Denique
1013 4026 1156 4090 trimeter
1187 4027 1291 4111 prima
1322 4025 1383 4090 arsi

270 4132 483 4199 irrationabili
504 4133 623 4219 legitur
646 4133 680 4197 in
704 4155 731 4200 v.
756 4135 840 4212 690,
865 4154 963 4216 purus
985 4133 1019 4196 in
1033 4134 1109 4199 586.
1155 4133 1291 4198 Dimetri
1304 4134 1383 4198 iam-

269 4241 331 4305 biei
353 4243 524 4310 oeeurrunt
547 4241 637 4305 nobis
659 4240 693 4304 in
716 4262 744 4305 ν.
759 4240 833 4306 581.
858 4244 1032 4324 παράκοπον
1055 4238 1113 4304 ὧδε
1126 4247 1238 4326 τείρεις;
1262 4244 1294 4306 et
1308 4241 1382 4307 585.

270 4346 345 4434 ἄδην
368 4371 404 4434 με
426 4348 607 4412 πολ6πλανοι
629 4348 745 4413 πλάναι.
784 4347 930 4414 Fortasse
954 4347 1104 4413 Weilium
1119 4348 1314 4432 sequendum
1327 4351 1383 4427 est,
