3134 4998
683 1010 876 1116 Vita.

256 1351 365 1417 Natus
387 1377 458 1419 snm
481 1352 623 1419 Adolfus
645 1352 771 1418 Reuter
791 1351 958 1434 Pritzieri,
980 1353 1015 1418 in
1037 1374 1122 1438 pago
1145 1353 1391 1436 Megapolitauo

171 1493 255 1536 anno
277 1473 308 1537 h.
321 1494 356 1552 s.
379 1473 468 1538 LIX
490 1472 542 1537 die
561 1469 731 1538 XXVIII
744 1493 850 1538 mens.
866 1473 974 1557 April.
990 1472 1180 1556 parentibus
1196 1473 1388 1538 Hermanno

171 1597 204 1657 et
223 1592 348 1663 Louisa
369 1613 387 1658 e
408 1600 503 1676 gente
526 1592 667 1658 'Parnow
689 1591 798 1658 adhuc
818 1587 907 1657 vivis.
953 1591 1141 1660 Sacerdotis
1164 1615 1296 1658 munere
1319 1592 1390 1658 fun·

171 1711 258 1794 gitur
290 1718 385 1795 pater
417 1712 561 1791 Brenzii,
595 1715 629 1778 in
662 1734 748 1798 pago
780 1734 882 1797 prope
914 1712 1136 1777 Parohimium
1169 1713 1283 1794 urbem
1316 1713 1387 1778 sito.

173 1831 258 1898 Vere
287 1832 365 1895 anni
386 1831 533 1897 LXXII
555 1839 650 1916 pater
671 1833 835 1916 gymnasio
857 1831 1036 1897 Parchimii
1057 1831 1147 1896 urbis
1169 1853 1220 1897 me
1242 1833 1387 1912 tradidit,

172 1953 224 2017 cui
261 1957 369 2018 rector
405 1959 556 2035 praeerat
590 1953 739 2036 Meyerus
773 1953 821 2016 vir
855 1951 991 2017 docendi
1024 1952 1192 2016 alacritate
1228 1955 1387 2036 egregius.

171 2070 258 2138 Vere
281 2073 358 2136 anni
379 2069 545 2137 LXXIX
566 2073 764 2137 maturitatis
786 2072 1004 2138 testimonium
1027 2070 1164 2155 adeptus
1179 2073 1393 2138 Rostochium

169 2212 222 2257 me
245 2192 380 2273 contuli,
404 2191 469 2270 ubi,
493 2213 565 2257 cum
587 2198 712 2256 rectore
736 2175 1001 2266 Schirrmaohero
1024 2191 1262 2276 philologorum
1284 2191 1390 2256 ordini

171 2312 355 2394 adscriptus
385 2333 500 2390 essem,
523 2311 741 2375 Fritzschium
769 2319 803 2375 et
823 2313 1032 2392 Foersterum
1055 2311 1174 2376 audiri.
1219 2310 1390 2378 Autumno

172 2431 249 2495 anni
270 2430 445 2512 LXXXI,
469 2452 541 2494 cum
556 2430 705 2514 Lipsiam
726 2431 900 2514 petiissem,
922 2452 981 2513 per
1003 2431 1067 2495 tria
1089 2432 1256 2496 semestria
1271 2431 1390 2496 scholis

171 2549 302 2614 interfui
325 2549 440 2631 Curtii,
463 2550 593 2634 Langii,
614 2550 730 2634 Lipsii,
755 2548 795 2614 de
810 2549 999 2631 Noordenii,
1023 2549 1203 2628 Ribbeclrii,
1228 2550 1389 2615 Wundtii.

171 2667 259 2733 Vere
282 2670 359 2733 anni
373 2670 557 2736 LXXXII
569 2670 785 2736 Rostochium
806 2691 952 2735 reversus
974 2691 1033 2754 per
1047 2669 1128 2734 haec
1143 2666 1206 2733 duo
1223 2671 1391 2736 semestris

171 2787 299 2852 scholas
314 2788 519 2874 frequentavi
533 2790 718 2871 Fritzsohii,
741 2790 897 2871 Kaibelii,
921 2789 1186 2870 Sehirrmacheri,
1208 2788 1248 2854 de
1264 2788 1389 2855 Steinii.

172 2906 301 2972 Sodalis
318 2909 498 2998 ordinarius
514 2911 560 2975 fui
576 2913 740 2977 seminarii
751 2911 937 2996 philologici
948 2915 1076 2975 rectore
1087 2909 1242 2975 Kaibelio
1255 2916 1287 2973 et
1299 2911 1392 2974 semi·

171 3027 256 3091 narii
278 3027 436 3112 historici,
460 3032 552 3096 onius
574 3031 821 3096 exercitationes
842 3029 1075 3095 moderabatur
1098 3027 1390 3094 Schirrmaoherus.

175 3145 301 3229 Quibus
324 3149 400 3215 viris
422 3150 701 3234 praeclarissimis,
730 3171 804 3215 cum
829 3149 1012 3233 relinquam
1034 3147 1251 3230 academiam,
1281 3148 1388 3214 facere

175 3286 238 3332 non
260 3289 404 3351 possum,
427 3272 505 3354 quin
526 3272 588 3336 hoc
609 3271 680 3335 loeo
703 3270 826 3354 gratias
849 3269 1065 3353 amplissimas
1088 3287 1193 3350 agam.
1238 3266 1310 3332 Nec
1336 3289 1393 3332 un·

173 3407 271 3468 quam
294 3395 421 3470 gratam
443 3391 671 3457 beneficiorum
693 3391 881 3455 memoriam
902 3395 1051 3474 tempora
1073 3387 1298 3472 exstinguent!
