3134 4998
243 1169 354 1248 Erant,
379 1169 434 1253 qui
448 1167 585 1253 epodum
603 1166 790 1251 corruptelis
813 1166 1175 1251 interpolationibueque
1197 1167 1293 1232 intel-

175 1279 263 1345 lectis
286 1279 319 1342 in
344 1277 479 1342 formam
502 1275 695 1360 strophieam
719 1273 907 1360 redigerent,
938 1273 1149 1356 Hermannus,
1174 1275 1292 1340 Weck-

174 1386 297 1462 leinius,
322 1383 466 1462 Weilius,
491 1383 555 1461 alii,
579 1404 715 1465 quornm
737 1379 939 1448 Hermannus
962 1383 1031 1448 loco
1050 1404 1146 1467 supra
1160 1382 1291 1447 laudato

173 1492 365 1558 sententiam
396 1490 520 1555 irritam
553 1489 637 1556 fecit.
689 1488 816 1554 Ceteros
847 1512 945 1575 ver0,
970 1491 1025 1573 qui
1057 1489 1292 1574 interpolatoris

173 1621 302 1664 manum
336 1597 482 1683 detegere
511 1599 676 1676 conantur,
709 1596 889 1662 admonitos
920 1597 1029 1676 velim,
1063 1600 1217 1676 caverent,
1251 1620 1291 1662 ne

174 1708 273 1773 nimio
297 1695 600 1789 antistrophieorum
622 1703 877 1790 indagandorum
892 1704 996 1769 studio
1012 1727 1090 1770 onus
1104 1704 1291 1770 Atlanteum

174 1815 326 1879 sustinere
348 1812 540 1891 viderentur,
573 1834 767 1896 quamquam
798 1816 835 1876 ut
867 1811 1004 1896 epodum
1032 1811 1220 1896 corruptelis
1243 1812 1290 1876 la-

174 1919 286 1985 borare
308 1941 432 2005 negem,
463 1920 601 1984 multum
629 1918 727 1984 abest.
774 1917 893 1994 Quibus
916 1918 954 1983 de
977 1918 1110 2002 stropha
1133 1924 1165 1984 et
1188 1918 1289 2002 epodo

173 2027 349 2111 praemissis
380 2025 521 2110 singulos
554 2025 678 2090 ordines
705 2025 915 2110 respiciamus,
949 2026 1003 2108 qui
1026 2029 1101 2090 sunt
1132 2025 1288 2110 dactylici,

171 2127 374 2219 anapaestici,
407 2133 541 2211 iambici,
575 2133 736 2212 trochaici,
769 2132 952 2220 logaoediei,
985 2133 1032 2198 ita
1062 2133 1096 2197 in
1119 2138 1289 2217 utrumque

171 2263 298 2307 carmen
322 2241 487 2324 dispertiti,
520 2244 556 2304 ut
588 2239 727 2305 numeris
759 2262 819 2325 par
844 2239 1020 2304 intercedat
1042 2240 1126 2304 inter
1148 2240 1289 2325 singulos

173 2349 266 2414 ratio.
309 2347 378 2424 Quo
402 2347 520 2412 factum
544 2354 599 2426 est,
624 2350 660 2411 ut
683 2369 785 2431 neque
807 2346 959 2430 strophae
981 2367 1083 2431 neque
1106 2347 1207 2430 epodo
1230 2370 1288 2412 na-

173 2458 247 2519 tura
269 2457 324 2518 ant
345 2454 500 2540 dactylica
523 2457 580 2518 aut
602 2455 802 2538 anapaestioa
825 2455 881 2517 aut
903 2453 1037 2518 iambica
1057 2456 1114 2518 aut
1128 2454 1287 2520 trochaica

172 2565 230 2627 aut
260 2560 441 2646 logaoediea
471 2562 721 2645 imprimeretur,
754 2561 851 2625 immo
884 2563 1018 2643 utraque
1050 2561 1287 2627 adnumeranda

171 2671 218 2736 est
240 2669 279 2733 iis
301 2668 467 2754 generibus
490 2668 636 2747 metricis
660 2668 774 2751 quibus
797 2668 830 2736 in
849 2666 1013 2755 tragoedia
1028 2666 1200 2752 Euripidea
1222 2669 1286 2734 fre·

172 2775 383 2861 quentiesimis
406 2775 618 2841 Rossbachius
641 2779 673 2839 et
695 2774 913 2860 Westphalius
936 2797 1053 2840 nomen
1076 2775 1214 2840 numeris
1237 2777 1287 2842 vel

172 2884 368 2968 aptissimum
404 2881 587 2948 indiderunt
622 2883 744 2969 tragica
782 2883 992 2967 episyntheta.
1052 2881 1172 2948 Scimus
1210 2906 1285 2951 sane

172 2991 361 3073 Aeschylum
383 2989 524 3055 iambicis
546 2989 773 3074 trochaicisque
796 2990 935 3074 strophis
958 2990 1081 3056 ordines
1105 2991 1284 3076 dactylicos,

170 3098 394 3182 anapaesticos,
428 3097 627 3184 logaoedicos
650 3097 858 3176 admiscuisse,
891 3096 944 3162 sed
967 3119 1125 3182 nusquam
1147 3100 1286 3165 mixtura

169 3205 242 3269 talis
266 3208 322 3283 est,
355 3207 392 3269 ut
423 3204 572 3287 cuiusque
601 3206 753 3288 strophae
784 3208 900 3269 natura
922 3206 1052 3288 propria
1084 3207 1286 3290 perturbetur

170 3313 265 3394 atque
288 3311 428 3376 tollatur.
473 3308 584 3394 Neque
607 3311 700 3375 nimis
722 3312 817 3394 louge
840 3312 1012 3396 repetenda
1034 3315 1081 3377 est
1104 3335 1205 3392 eausa,
1230 3336 1286 3380 cur

169 3418 263 3482 istam
286 3417 433 3482 ordinum
457 3418 643 3483 varietatem
665 3417 832 3502 Euripides
859 3423 901 3499 et,
934 3420 989 3504 qui
1020 3442 1092 3486 eum
1123 3422 1285 3486 nonnullis

169 3523 285 3589 fabulis
307 3523 458 3608 sequitur,
484 3523 655 3608 Sophocles
678 3527 885 3608 captaverint.
923 3524 1003 3590 (lum
1017 3526 1192 3610 Aeschylus
1210 3525 1285 3612 ῥυθ-

169 3626 306 3718 pecora
338 3633 482 3698 ποικιλίαν
513 3652 549 3696 eo
581 3632 803 3697 tantummodo
835 3634 983 3718 petiisset,
1016 3633 1100 3718 quod
1127 3635 1285 3701 eatalcxin

167 3739 254 3803 intra
277 3761 382 3804 versus
404 3738 604 3817 admittebat,
638 3741 819 3804 recentioris
842 3741 1023 3827 tragoediae
1045 3745 1188 3809 auctores
1210 3745 1284 3809 eim·

168 3845 301 3929 plicibus
324 3846 434 3912 formis
456 3869 522 3911 non
541 3848 693 3928 contenti,
718 3850 754 3912 ut
769 3852 861 3913 erant
874 3851 1044 3937 φιλόκαινοι
1068 3848 1123 3914 illa
1137 3850 1284 3918 ordinum

168 3953 322 4018 varietate
353 3975 451 4018 novos
482 3954 592 4020 modos
625 3956 758 4020 musicos
790 3976 973 4039 comparare
995 3955 1174 4025 studebant.
1220 3957 1284 4023 Irn-

168 4059 277 4144 primis
301 4058 446 4145 Euripidi
479 4061 538 4126 hoc
561 4083 716 4127 novarum
748 4085 854 4128 rerum
884 4063 1025 4129 studium
1056 4064 1194 4130 dandum
1227 4068 1282 4145 est,

170 4167 224 4248 qui
258 4167 355 4233 etiarn
385 4167 533 4252 strophas
561 4169 890 4237 iambico-trochaicae
913 4171 953 4234 ab
977 4171 1131 4255 Aeschylo
1155 4174 1283 4253 alienas,

168 4276 205 4338 ut
227 4279 344 4360 μιμήσει
366 4287 492 4361 μουσικῇ
524 4277 726 4355 satisfaceret,
762 4278 911 4345 condidit.
958 4277 1087 4344 Novum
1109 4280 1209 4366 igitur
1231 4301 1283 4345 ar·

167 4386 352 4467 gementum
385 4385 511 4466 praesto
544 4389 600 4462 est,
634 4384 718 4468 quod
747 4388 942 4470 quantopere
965 4386 1146 4454 Promethei
1173 4391 1284 4454 auctor
