3134 4998
678 367 718 437 19

140 571 211 660 lego
236 572 321 637 euim
343 568 577 635 interiectioues
601 577 653 654 φεῦ
678 577 739 654 φεῖ),
769 589 850 653 quae
872 567 905 632 iu
928 569 1064 650 utroque
1087 569 1254 650 systemate

139 679 396 764 interpunctione
410 676 612 742 antecede-ute
627 676 842 754 inveniuntur,
865 677 910 753 ut,
927 695 1007 758 quae
1022 673 1254 739 interiectionos

140 786 413 870 antegrediuutur‚
446 783 523 867 quin
554 784 630 848 olim
661 784 745 847 inter
776 805 808 846 se
840 785 872 846 et
902 781 1019 865 pedum
1050 783 1083 846 et
1113 780 1252 846 colorum

140 915 273 960 numero
296 913 386 976 pares
409 891 529 956 fuerint
551 895 665 974 partes,
690 891 829 974 itemque
843 911 923 972 quae
943 889 1177 973 subsequuntur
1190 910 1254 952 non

142 1001 291 1065 dubitem.
316 997 439 1082 Neque
452 999 537 1062 enim
552 1002 634 1062 reete
649 996 851 1061 Hermanuus
865 995 1048 1080 posthabita
1063 997 1256 1079 optimorum

142 1107 283 1172 codicum
306 1106 456 1171 memoria
484 1106 518 1168 in
542 1127 569 1170 ν.
593 1107 644 1170 98.
667 1126 726 1188 pro
750 1113 804 1191 φεῦ
828 1113 880 1190 qai)
906 1103 1098 1168 deteriorum
1121 1099 1184 1167 αἰαῖ
1206 1125 1255 1166 ra·

141 1214 233 1298 cepit.
273 1213 317 1278 Ut
330 1214 371 1278 ab
385 1214 423 1277 iis
436 1211 589 1296 partibus
615 1234 696 1296 quae
716 1211 988 1276 interiectionibus
1012 1210 1255 1295 concluduntur,

140 1321 300 1404 incipiam,
325 1321 425 1385 altera
449 1323 496 1384 est
518 1316 703 1405 ἐννεόμετρος
726 1319 921 1396 πεντάιιωλος,
955 1317 1056 1382 altera
1079 1315 1257 1403 ὀνιτάμετρος

139 1429 374 1511 τεσσαράαολος.
398 1444 399 1447 ’
422 1425 549 1490 Corruit
572 1426 672 1510 igitur
694 1426 851 1490 sententia
870 1430 986 1503 nostra,
1011 1425 1071 1488 nisi
1094 1429 1257 1490 monome-

140 1542 227 1601 trum
250 1535 495 1599 exterminatum
527 1553 591 1596 esse
621 1532 836 1598 demonstrare
868 1533 1035 1617 contingit,
1069 1532 1153 1616 quod
1176 1531 1258 1596 nihil

142 1641 340 1707 difficultatis
367 1639 483 1703 habere
506 1639 639 1706 videtur.
686 1639 856 1704 Mirabitur
888 1640 969 1704 euim
1005 1640 1097 1718 certe,
1129 1639 1156 1704 si
1187 1639 1258 1722 quis

142 1773 190 1814 vv.
209 1750 282 1826 119,
310 1747 380 1813 120.
404 1734 549 1812 accurate
572 1747 807 1826 examinaverit,
832 1723 890 1811 oui
909 1749 1006 1830 poeta
1029 1746 1076 1809 bis
1089 1746 1258 1812 articulum

141 1855 299 1932 adiecerit,
324 1877 394 1918 oum
418 1855 450 1918 iu
475 1854 620 1938 proximo
644 1876 735 1918 versu
758 1854 825 1918 siue
839 1854 972 1918 articulo
988 1853 1071 1918 dicta
1089 1854 1154 1917 siut
1172 1851 1259 1938 ὁρᾶτέ

142 1986 179 2048 με
201 1963 365 2052 δι’)στοτμον
388 1963 468 2025 θεόν.
515 1961 602 2037 Quae
632 1964 738 2026 tamen
770 1960 925 2040 dubitatio
946 1961 1055 2025 statim
1090 1960 1179 2024 nulla
1210 1962 1257 2039 fit,
1301 2022 1303 2027 .

141 2071 167 2134 si
191 2065 323 2135 verbum
343 2068 502 2152 quoddam
517 2067 665 2134 excidisse
679 2073 837 2151 putamus,
863 2090 901 2132 ex
915 2089 978 2152 quo
998 2068 1168 2133 accusativi
1188 2059 1259 2134 oum

141 2177 276 2242 articulo
307 2177 468 2242 ooniunoti
500 2175 691 2260 pendebant.
747 2175 845 2253 Quod
869 2177 963 2261 quale
999 2176 1097 2242 fuerit
1128 2176 1260 2242 verbum

142 2283 234 2349 facile
257 2285 357 2348 couioi
380 2286 485 2368 potest
506 2284 541 2348 in
564 2284 836 2367 comparationem
851 2285 970 2349 voeatis
984 2285 1122 2349 versibus
1138 2286 1190 2364 92,
1206 2285 1258 2364 93,

142 2391 196 2455 ubi
220 2390 426 2455 Prometheus
449 2396 521 2474 post
541 2389 643 2454 ἴδεσθε
666 2390 752 2454 aliud
768 2390 875 2455 eadem
890 2391 1016 2455 videndi
1030 2393 1259 2476 significatione

143 2495 272 2560 verbum
288 2500 504 2580 usurpaverat.
536 2494 674 2560 Videndi
692 2495 793 2579 igitur
806 2495 937 2560 verbum
960 2496 1087 2579 aliquod
1111 2499 1259 2562 omissum

143 2607 199 2680 est,
231 2602 284 2666 sed
312 2603 397 2686 quod
427 2603 554 2685 quidem
576 2602 674 2666 fuerit
696 2623 754 2666 nos
777 2623 865 2686 posse
889 2602 1030 2668 divinare
1053 2625 1178 2687 sperare
1201 2627 1258 2670 no·

143 2713 256 2789 lumuS,
281 2708 413 2774 fortusse
436 2709 583 2795 δέρχθητε
605 2710 654 2774 vel
677 2707 810 2774 ἐσίδεσθε
832 2712 886 2793 (of.
901 2734 929 2776 v.
945 2710 1031 2795 141).
1069 2711 1188 2788 Quibus
1206 2735 1260 2777 ex-

145 2818 255 2900 positis
278 2816 372 2892 liceat
394 2801 485 2880 uobis
507 2817 541 2880 in
565 2817 703 2882 medium
726 2818 870 2902 proferre
893 2819 1055 2904 utriusque
1083 2823 1260 2911 systematis

143 2925 264 3008 partem
290 2924 428 3008 priorem
451 2929 560 2988 nostra
583 2925 706 2989 ratione
729 2925 975 2991 conformatam:

249 3053 278 3096 v.
304 3032 356 3096 92.
376 3029 477 3094 ἴδεσθέ
500 3029 581 3117 μὀἷα
604 3035 677 3116 πρὸς
699 3033 778 3097 θεῶν
800 3037 909 3120 πάσχω
931 3035 1012 3107 θεός.

378 3139 528 3225 δέρχθηθ’
552 3137 626 3212 οἵαις
649 3137 784 3204 αἰιιὶαισιν

379 3246 595 3332 διακναιόμενος
618 3250 666 3312 τόν
689 3259 804 3333 μυριετῆ
850 3267 853 3272 ·

379 3359 485 3440 χρόνον
509 3351 657 3419 ἀθλεόσω·
679 3355 781 3419 τοιόνδ’
805 3351 822 3418 ὁ
845 3360 909 3428 νέος

377 3465 467 3541 ταγὸς
490 3465 632 3546 μακάρων
654 3459 753 3548 ἐξηῦρ’
777 3461 821 3526 ἐπ’
846 3460 912 3551 ἐμοὶ

380 3568 484 3654 δεσμὸν
507 3567 600 3656 ἀεικῆ.
657 3621 660 3631 .

284 3678 354 3742 119.
378 3673 463 3761 ὁρᾶτε
487 3676 636 3762 δεσμώτην
659 3699 694 3762 με
718 3676 881 3762 δόσποτμον
903 3679 974 3742 θεὸν

381 3783 578 3869 [δέρχθηθ’
603 3780 697 3865 οἷον]
721 3788 769 3848 τὸν
791 3780 860 3857 Διὸς
884 3782 1005 3870 ἐχθρὸν,

379 3895 428 3955 τὸν
450 3902 520 3954 πᾶσι
542 3893 626 3964 θεοῖς
649 3891 684 3954 δι’
709 3889 873 3978 ἀπεχθείας

380 3996 504 4063 ἐλθόνθ’
528 3995 631 4063 ὁπόσοι
653 4003 705 4085 τὴν
727 3996 796 4073 Διὸς
819 3996 913 4086 αὐλὴν

379 4103 571 4192 εἰσοιχνεῦσιν,
596 4107 643 4170 διὰ
665 4110 716 4194 τὴν
739 4109 804 4172 λίαν

381 4215 520 4300 φιλότητα
543 4217 661 4299 βροτῶν.

213 4319 313 4394 Quum
330 4321 539 4403 pulcherrime
563 4323 669 4408 δεσμός
684 4320 785 4408 ἀεικής
809 4328 990 4407 opponatur
1013 4325 1141 4410 φιλότητι
1156 4327 1264 4408 βροτῶν

147 4449 238 4491 nemo
261 4448 325 4492 uon
349 4426 442 4492 videt.
490 4429 610 4508 Restat,
635 4432 670 4494 ut
692 4452 774 4513 quae
796 4434 920 4514 partem
943 4431 1076 4497 alteram
1099 4432 1264 4516 utriusque

1072 4538 1105 4595 2*
