3134 4998
649 325 860 433 Δ*

198 526 334 595 formam
355 527 456 607 offert,
480 548 550 593 cum
574 526 608 593 in
630 527 725 594 tertio
748 527 827 612 pede
849 527 896 593 ita
915 529 1133 612 componatur,
1157 530 1195 594 ut
1208 525 1312 613 prima

197 637 318 721 syllaba
340 638 442 702 brevis
464 640 520 702 aut
543 659 599 720 per
621 659 653 702 se
675 639 738 702 stet
761 639 817 700 aut
839 635 910 702 finis
932 637 974 701 sit
998 634 1091 713 vocis,
1116 657 1197 718 quac
1221 639 1311 701 antc-

197 744 289 823 oedit,
314 745 487 830 Aeschylea
511 745 654 828 exempla
676 741 790 809 similia
814 764 912 828 eaque
930 743 1041 809 melica
1056 743 1310 827 patrocinantur,

197 857 233 919 ut
256 851 394 936 Ghoeph.
419 854 470 919 42.
502 852 612 918 τοιάνδε
643 856 729 938 χάριν
751 849 890 938 ἀχάριτον
916 849 1083 936 ἀπότροπον
1104 861 1216 916 κακῶν.
1264 849 1312 914 De

196 959 292 1025 tertia
313 959 428 1024 horam
450 981 596 1024 versuum
627 959 785 1024 solutione
817 979 880 1022 non
914 960 969 1035 est,
1003 979 1059 1022 cur
1090 957 1217 1042 longius
1249 955 1312 1020 dis·

196 1069 351 1151 putemus,
376 1089 445 1132 cum
469 1065 549 1130 nihil
573 1065 688 1130 habeat
711 1065 899 1130 offensionis.
937 1063 974 1128 Id
997 1065 1093 1130 etiam
1116 1064 1154 1128 de
1174 1065 1221 1130 his
1240 1086 1311 1129 ver-

196 1175 280 1239 sibus
311 1173 429 1240 melicis
460 1175 495 1238 in
527 1173 707 1238 universum
739 1172 855 1237 addere
884 1171 973 1248 volo,
1005 1172 1094 1256 sequi
1126 1193 1177 1237 eos
1208 1173 1311 1256 legem

196 1281 413 1364 Aeschyleam,
432 1303 508 1364 ·qua
530 1283 595 1345 tres
617 1280 770 1345 tribrachi
802 1281 835 1344 in
863 1279 963 1345 altero
986 1280 1054 1346 loco
1077 1280 1172 1344 tertio
1195 1283 1310 1362 quarto

195 1390 400 1467 collocantur,
424 1410 495 1454 cnm
511 1387 680 1472 Sophocles
702 1386 804 1451 tribus
825 1387 993 1452 tribrachis
1009 1392 1073 1452 tres
1088 1387 1208 1471 priores
1222 1384 1309 1451 sedes

195 1497 389 1562 concesserit.
423 1496 461 1562 cf.
486 1496 602 1579 Rump.
628 1493 741 1559 Philol.
765 1494 864 1561 XXV.
889 1518 920 1578 p.
946 1496 998 1561 63.

260 1602 329 1668 Iam
356 1603 555 1698 pervenimus
586 1602 627 1666 ad
656 1602 813 1666 tertium
845 1603 959 1667 senarii
981 1601 1103 1686 pedem,
1137 1601 1192 1685 qui
1215 1600 1311 1665 octies

194 1708 356 1775 tribracho
379 1710 561 1775 continetur
583 1732 641 1793 pro
663 1709 768 1774 iambo
791 1710 911 1793 posito:
943 1732 993 1777 vv.
1016 1711 1046 1776 2.
1068 1707 1152 1794 οἶμον
1174 1706 1309 1793 ἄβροτον,

194 1817 270 1884 351.
293 1840 322 1881 τε
344 1813 493 1892 Κιλικίων,
531 1818 603 1884 720.
628 1817 702 1881 ἔνθα
725 1823 869 1903 ποταμός,
903 1817 976 1882 746.
1001 1839 1033 1898 γε
1056 1818 1196 1897 πέλαγος,
1231 1815 1305 1882 793.

194 1923 351 2010 Γοργόνεια
372 1926 466 2000 πεδία,
499 1926 572 1992 851.
604 1927 736 1991 κελαινόν
755 1923 905 2012 Ἔπαφον,
935 1925 1009 1991 993.
1042 1925 1073 1988 δὲ
1100 1925 1203 2010 νιφάδι
1250 1921 1309 1988 Oui

194 2054 325 2098 numero
347 2032 467 2098 accedit
489 2053 570 2098 unus
593 2033 667 2110 eius,
701 2054 794 2117 quem
821 2053 917 2115 supra
943 2032 1158 2111 tractavimus,
1183 2025 1307 2096 *versus

193 2137 283 2204 Nihil
313 2139 445 2204 interest
477 2140 562 2205 inter
592 2140 650 2204 hos
682 2143 714 2205 et
746 2145 865 2205 ceteros
897 2139 1086 2224 Aeschyleos
1122 2139 1308 2215 tribrachos,

193 2269 294 2333 neque
316 2247 480 2332 particulis
501 2253 543 2326 rt,
566 2253 608 2329 γε,
633 2248 673 2325 δέ,
698 2248 811 2332 quibus
834 2269 918 2312 arses
941 2246 1184 2326 concluduntur,
1208 2245 1308 2310 offen·

193 2354 305 2432 dimur,
330 2377 402 2420 cum
424 2355 596 2420 arctissime
618 2377 691 2420 cum
713 2355 815 2420 verbis
837 2354 990 2438 proximis
1011 2353 1199 2419 coniunctae
1218 2352 1309 2436 quasi

193 2483 252 2545 pro
274 2461 404 2526 illorum
426 2462 541 2526 finibus
564 2463 729 2528 habendae
751 2462 825 2529 sint.

259 2567 297 2632 ln
324 2570 462 2651 quarto
496 2570 566 2634 loco
590 2572 704 2652 quater
725 2569 822 2634 iambi
844 2569 918 2653 puri
939 2568 1056 2634 solutio
1088 2567 1222 2637 admi-a
1245 2569 1307 2632 est:

192 2697 241 2740 vv.
256 2677 306 2742 76.
330 2676 408 2740 δεῖνε
422 2675 580 2759 διατόρους,
605 2677 678 2744 213.
700 2677 769 2749 acb<
782 2672 987 2763 ὑπερέχοντας,
1011 2676 1085 2742 273.
1108 2675 1227 2761 μάθητε
1250 2673 1306 2750 διά,

193 2783 267 2848 809.
295 2779 371 2847 ἔνθα
397 2787 538 2867 ποταμός.
586 2783 676 2858 Quod
698 2783 731 2847 in
756 2805 783 2850 v.
807 2784 882 2849 273.
916 2783 1150 2867 praepositione
1172 2781 1220 2844 διά
1252 2801 1306 2846 cx·

192 2909 297 2972 pressa
320 2891 367 2952 est
389 2889 493 2966 thesis,
526 2890 641 2955 mirum
663 2912 730 2955 non
752 2896 809 2968 cst,
842 2913 914 2956 cum
946 2889 1080 2956 eundem
1107 2888 1306 2954 animadver-

190 2999 295 3062 tamus
317 3017 409 3060 nsum
440 2997 472 3059 in
506 2995 591 3080 Sept.
616 2997 691 3064 534.
721 2999 829 3084 στείχει
848 2995 972 3071 δ”ιόόλος
995 2995 1057 3084 ἄρτι
1079 2997 1126 3060 διὰ
1148 2989 1306 3081 παρηΐδων.

191 3102 345 3187 Exempla
382 3103 488 3168 omnia
524 3105 690 3169 adnotavit
727 3104 879 3170 Saelinski
919 3106 954 3170 in
989 3125 1148 3189 program.
1184 3123 1304 3189 gymn,

190 3209 396 3276 Hchenstcin.
424 3212 518 3289 1868,
543 3234 574 3295 p.
600 3213 629 3278 7.
674 3211 783 3278 Unum
806 3213 911 3276 autern
936 3211 1116 3296 exemplam
1137 3214 1306 3295 propterea

189 3316 289 3407 {usius
312 3320 359 3382 ast
381 3318 460 3381 mihi
483 3318 694 3396 tractandam,
727 3318 812 3403 quod
844 3319 885 3383 ab
908 3318 1056 3403 Aeschyli
1083 3320 1152 3382 arte
1178 3337 1306 3401 prorsus

191 3423 355 3502 abhorret,
391 3423 543 3509 intellego
580 3448 609 3492 v.
640 3427 719 3504 213,
762 3426 850 3491 ouius
885 3427 1042 3510 scriptura
1077 3426 1111 3490 in
1148 3422 1306 3489 codicibus

190 3529 267 3596 haec
290 3533 350 3596 est:

372 3625 465 3706 χρείη,
490 3621 569 3703 δόλῳ
592 3620 624 3683 δὲ
645 3621 714 3693 τοὺς
736 3617 978 3708 ὑπερέχοντας
999 3577 1122 3707 κρατεῖν.

257 3744 430 3810 Offensioni
452 3752 521 3812 erat
543 3767 650 3811 versus
674 3747 748 3812 viris
771 3747 880 3826 doctis,
909 3747 993 3834 quod
1015 3746 1194 3812 tribrachus
1216 3750 1304 3812 ortus

189 3851 231 3916 sit
253 3852 415 3916 extribus
436 3852 595 3936 prioribus
616 3853 747 3937 syllabis
768 3855 853 3920 vocis
879 3855 951 3940 plus
973 3859 1037 3922 tres
1059 3853 1196 3938 syllabas
1217 3874 1304 3917 com-

189 3957 422 4043 prehendentis,
436 3981 517 4042 quae
530 3960 667 4025 insolens
680 3961 833 4026 tribrachi
843 3962 1008 4028 collocatio
1018 3983 1120 4046 neque
1131 3958 1304 4044 Aeschyleo

189 4085 247 4131 usu
271 4085 373 4149 nsque
386 4064 561 4149 Sophocleo
585 4065 775 4135 defenditur.
814 4066 927 4151 Itaque
949 4089 1013 4134 non
1034 4068 1221 4133 dubitarunt
1234 4087 1304 4130 ver·

189 4170 265 4236 bum
295 4171 449 4236 traditum
481 4167 677 4259 ὑπερέχοντας
709 4175 764 4238 alii
796 4173 889 4240 aliter
921 4179 1042 4240 mutare
1074 4175 1204 4257 excepto
1235 4173 1303 4238 solo

189 4276 397 4356 Kirchhoffio,
422 4278 476 4360 qui
499 4279 534 4342 in
557 4279 694 4344 editione
715 4302 773 4344 sna
786 4282 951 4367 vulgatam
972 4281 1108 4346 servavit
1129 4279 1224 4365 idque
1245 4299 1303 4342 sno

188 4384 263 4450 iure.
309 4383 472 4450 Sententia
503 4385 587 4450 enim
610 4385 754 4451 codicum
786 4388 938 4452 memoria
969 4385 1076 4452 oblata
1109 4393 1175 4454 tam
1206 4385 1301 4465 clara,
