3134 4998
722 267 739 324 7

211 461 375 528 Diudorfii
404 466 596 531 sententiam
627 467 797 550 acerrime,
832 473 869 532 ut
901 490 1001 552 supra
1033 469 1113 551 dixi,
1141 471 1342 556 impugnavit

121 565 369 630 Heimsoethius
393 567 569 652 (Indireote
593 569 723 635 Ueberl.
747 593 777 654 p.
804 577 886 658 5†9
909 594 940 655 p.
966 572 1052 658 177).
1223 653 1227 667 Ι

211 667 356 733 Protulit
384 671 466 736 onim
494 672 580 737 locos
611 678 753 755 quatuor
779 696 796 739 e
823 675 934 740 Persis
962 681 1119 758 sumptos,
1149 676 1266 760 quibus
1294 677 1341 742 in-

120 771 282 854 tegriores
313 771 467 840 lectiones
490 796 588 857 quam
621 776 786 842 Mediceus
815 778 902 841 solus
937 777 1006 842 cod.
1041 776 1341 866 Vindobonensis*)

120 873 243 956 aliquis
277 882 444 942 servasset.
493 877 699 962 Quamquam
733 879 837 944 tribus
870 880 1000 946 illarum
1033 881 1207 946 lectionum
1240 883 1340 950 Vind.

120 977 232 1061 (Pero.
249 981 288 1040 97
292 982 321 1041 2.
338 983 409 1043 218.
428 981 504 1065 722)
521 1003 560 1044 ne
576 981 655 1045 mihi
670 982 800 1064 quidem
811 983 916 1048 inesse
928 983 1056 1050 videtur
1067 984 1135 1049 ulla
1147 985 1339 1065 auctoritas3

118 1101 199 1144 nam
221 1080 312 1144 Pers.
336 1085 398 1146 218
421 1080 544 1158 τέκνοις
565 1083 652 1165 quod
676 1085 777 1149 ecod.
796 1083 890 1150 Vind.
907 1107 965 1170 pro
980 1083 1082 1173 τέκνῳ
1098 1087 1340 1153 Heimsoethius

117 1183 279 1264 restituit,
307 1183 462 1251 facillima
489 1186 714 1252 emendatione
743 1189 881 1253 cuiusvis
911 1195 983 1254 erat
1004 1191 1161 1271 invenire;
1192 1198 1225 1257 et
1247 1192 1337 1258 Pers.

117 1290 196 1350 972.
221 1289 281 1350 722
315 1309 379 1352 non
409 1289 477 1354 sine
509 1290 691 1355 artificiosis
722 1293 915 1357 coniecturis
948 1285 1072 1358 teneri'
1085 1302 1222 1377 possunt
1254 1296 1340 1360 illius

117 1388 241 1454 codicis
263 1389 425 1456 lectiones.
473 1391 563 1476 Quas
585 1400 779 1474 retractare,
808 1395 1000 1478 praesertim
1028 1417 1100 1460 eum
1124 1396 1267 1463 Sorofius
1291 1399 1339 1484 (in

118 1513 161 1556 ea
191 1489 435 1575 dissertatione,
463 1495 503 1560 de
532 1517 597 1578 qua
622 1503 735 1581 postea
763 1496 897 1578 dicetur,
925 1520 956 1581 p.
980 1502 1022 1564 34
1043 1499 1091 1587 ff.)
1113 1499 1214 1565 fusius
1237 1502 1277 1566 de
1299 1502 1338 1567 iis

118 1595 235 1677 egerit,
258 1595 382 1662 omitto.
427 1598 479 1662 De
502 1606 618 1681 quarto
641 1622 716 1666 vero
738 1599 818 1679 loeo,
843 1601 908 1683 qui,
938 1602 1085 1683 quamvis
1107 1604 1186 1668 mihi
1209 1603 1337 1686 quidem

116 1697 271 1762 videatur
297 1699 418 1781 optimc
445 1701 564 1766 allatus
594 1724 662 1768 esse
690 1702 731 1766 ab
753 1703 995 1785 Heimsoethi0,
1030 1710 1140 1770 tamen
1170 1708 1339 1773 nonnullos

116 1823 170 1864 vr.
195 1800 249 1865 dd.
274 1801 445 1867 offenderit
466 1802 572 1870 facere
595 1827 658 1870 non
679 1826 824 1889 possum,
848 1806 925 1888 quin
951 1806 1120 1890 disputem.
1153 1809 1217 1874 Est
1230 1816 1339 1875 autem

117 1904 174 1968 hic
196 1905 286 1968 locus
308 1903 400 1970 Pers.
426 1910 498 1988 305,
521 1907 578 1972 ubi
599 1908 695 1991 vulgo
717 1907 846 1990 legitur.

210 2009 378 2090 νικώμενοι
399 2003 549 2091 κιῑριοσον
571 2006 701 2096 ἰσχυρὰν
721 2007 836 2090 χθόνα.
882 2010 948 2076 Pro
968 2015 1151 2095 νικώμενοι,
1181 2013 1267 2096 quod
1291 2018 1339 2078 est
1366 2078 1371 2089 ,

116 2110 310 2194 languidum
338 2116 371 2176 et
393 2113 479 2176 omni
502 2113 533 2177 vi
556 2118 645 2178 caret
666 2115 807 2197 poetica,
836 2115 1079 2180 Hcimsoethius
1107 2138 1123 2182 e
1147 2114 1216 2180 cod.
1239 2115 1338 2184 Vind.

116 2214 175 2277 illo
188 2214 331 2278 restituit
346 2211 530 2298 κυκώμενοι.
569 2215 639 2286 Sed,
649 2216 848 2298 Dindorfius,
871 2237 911 2282 ne
926 2223 1083 2300 agnoscat
1098 2219 1193 2283 aliam
1210 2225 1340 2302 praeter

118 2317 239 2381 codicis
261 2316 400 2382 Medicei
423 2320 664 2398 auctoritatem,
694 2321 835 2402 itemque
865 2319 1041 2386 Teuffelius
1071 2322 1161 2406 (adn.
1186 2321 1338 2386 adhunc

119 2419 260 2503 versum)
288 2419 364 2501 quia
385 2420 521 2486 offendit
543 2423 576 2486 in
598 2422 753 2486 vocabulo
776 2425 891 2502 κυκᾶν,
919 2423 1007 2506 quod
1034 2445 1099 2488 non
1121 2425 1224 2508 possit
1246 2431 1337 2490 usur·⁴

119 2523 190 2604 pari
214 2521 254 2586 de
277 2522 386 2586 solidis
410 2523 572 2587 hominum
597 2525 793 2609 corporibus
819 2526 887 2592 cod.
915 2525 1009 2591 Vind.
1032 2526 1201 2592 lectionem
1222 2527 1338 2591 calami

118 2626 215 2710 lapsu
240 2625 450 2708 depravatam
473 2648 542 2692 csse
566 2649 582 2692 e
605 2625 771 2710 νικώμενοι
794 2629 1003 2710 contendunt,
1027 2651 1099 2695 cum
1120 2630 1273 2695 librarius
1296 2629 1338 2694 ad

118 2725 270 2812 adprooov
286 2728 500 2815 aberraverit3
517 2731 746 2814 quodquidam
758 2731 894 2798 haberet
907 2733 1049 2815 aliquam
1061 2731 1336 2817 probabilitatem,

119 2832 147 2894 si
164 2831 242 2896 ferri
262 2838 372 2915 posset
386 2830 564 2916 νικώμενοι,
588 2840 645 2899 aut
665 2836 702 2917 si,
726 2836 813 2918 quod
837 2835 1013 2901 Teuffelius
1035 2835 1114 2916 vult,
1137 2834 1336 2900 claudicaret

118 2929 298 3016 κυκώμενοι
319 2957 357 3000 ac
378 2958 443 3002 non
465 2939 628 3021 egregiam
648 2939 819 3022 praeberet
835 2939 1037 3004 sententiam.
1076 2936 1222 3004 Verbum
1236 2941 1337 3002 κυκᾶν

120 3037 160 3102 de
192 3038 292 3103 aridis
316 3060 443 3122 quoque
467 3040 563 3104 rebus
585 3040 648 3106 dici
670 3061 780 3124 posse,
808 3041 951 3106 ostendit
971 3041 1026 3106 ille
1047 3040 1138 3105 locus
1160 3039 1202 3106 ab
1224 3041 1336 3106 Haim-

120 3141 244 3206 soethio
271 3147 476 3225 comparatus
500 3143 599 3227 Soph.
628 3143 748 3210 Electr.
777 3149 848 3208 733.
879 3140 994 3230 παρεὶς
1021 3137 1154 3208 κλύδων’
1185 3138 1338 3231 ἔφιππον

123 3240 155 3305 ἐν
176 3241 264 3330 ¹ue'urp
286 3241 479 3326 κυκώμενονε
515 3268 552 3311 eo
575 3248 680 3311 minus
702 3247 882 3312 hocloco
906 3245 1091 3313 offensionis
1113 3245 1213 3312 habet
1234 3242 1335 3310 κυκώ-

119 3369 223 3428 μενοι,
260 3347 336 3430 quia
366 3349 490 3414 undae
521 3351 697 3414 miscentur
727 3350 892 3414 hominum
923 3349 1121 3433 corporibus.
1176 3347 1334 3415 Videmus

120 3449 220 3531 enim,
247 3450 282 3515 id
311 3457 474 3535 spectasse
496 3459 641 3537 poetam,
665 3459 702 3517 ut
723 3454 870 3535 nuntius,
893 3454 1111 3535 interrogatus
1134 3437 1175 3516 ab
1198 3451 1331 3532 Atussa,

119 3554 175 3637 qui
197 3554 373 3618 Persarum
395 3555 556 3638 principes
579 3555 782 3638 cecidissent,
805 3578 876 3620 cum
899 3555 1078 3621 acerbitate
1101 3561 1134 3620 et
1156 3555 1333 3639 asperitate

118 3655 321 3740 singulorum
347 3665 467 3724 mortes
495 3658 711 3741 singularibus
740 3666 772 3724 et
802 3660 892 3724 novis
924 3658 1119 3741 imaginibus
1139 3653 1333 3741 ¹exponeret.

120 3759 209 3845 Quid
232 3783 306 3827 vero
330 3763 469 3828 atrocius
491 3763 597 3845 potuit
620 3762 696 3843 dici,
726 3785 824 3847 qna-m
847 3769 991 3828 mortuos
1015 3761 1164 3826 confusos
1187 3761 1279 3843 qnasi
1302 3767 1335 3827 et

119 3862 281 3927 immixtos
317 3865 411 3929 undis
449 3865 534 3930 circa
571 3865 668 3930 litora
699 3865 823 3930 insulae
857 3864 967 3930 allisos
1006 3885 1074 3929 esse
1111 3863 1153 3929 ad
1189 3863 1334 3929 terram?

119 3965 263 4048 Egregia
285 3972 334 4030 est
354 3967 476 4051 imago,
503 3989 567 4052 qua
594 3968 849 4052 praeclarissime
856 4019 864 4051 ,
895 3969 1057 4052 quomodo
1080 3967 1245 4052 torpentia
1267 3988 1334 4031 cor-

118 4089 201 4152 pora
222 4069 373 4134 fluctibus
396 4072 460 4137 sint
482 4073 616 4156 agitata,
640 4071 835 4156 depingitur.
881 4071 1001 4156 Quare,
1024 4071 1051 4136 si
1074 4076 1160 4136 recte
1177 4068 1333 4134 traditum

119 4176 170 4236 est
190 4169 378 4254 κυκώμενοι,
405 4175 612 4240 statuendum
634 4175 708 4256 erit,
731 4174 901 4240 librarium
923 4195 987 4240 non
1009 4195 1067 4238 suo
1091 4173 1227 4238 arbitrio
1249 4172 1335 4238 huno

119 4276 227 4341 locum
249 4276 445 4359 emendasse,
468 4278 630 4358 sedlibrb
652 4278 827 4361 integriore
849 4297 947 4360 quam
966 4275 1052 4342 Med.
1074 4296 1143 4342 esse
1166 4297 1270 4342 usum.
1292 4313 1334 4324 -

206 4496 232 4566 *)
252 4498 328 4552 cuius
347 4497 424 4552 nulla
441 4495 472 4551 fir
492 4499 597 4554 mentio
616 4499 646 4552 in
664 4498 823 4554 Hermanni
840 4498 1026 4554 adnotatione
1045 4499 1081 4552 ad
1099 4498 1151 4554 hos
1169 4498 1254 4557 locon.
