3134 4998
756 219 796 283 14

168 419 275 504 Quam
295 421 446 488 lacunam
469 443 541 488 cum
563 424 759 507 ineptissime
782 427 925 510 expleret
952 424 1104 490 librarius
1125 426 1211 491 Med.
1234 415 1288 490 οὖν
1309 448 1385 510 par·

166 524 267 590 ticula
289 525 421 606 inserta,
444 523 563 590 codicis
583 526 627 591 A.
643 526 794 593 librarius
817 527 1057 612 religiosissime
1079 550 1118 594 ea
1141 529 1220 610 sola,
1244 530 1384 610 quaein

167 628 343 712 archetypo
365 627 498 712 legerat,
522 627 710 712 descripsit3
734 637 831 714 atque
848 632 891 696 A.
916 631 1059 696 codicem
1081 632 1182 696 secuti
1205 637 1279 695 sunt
1300 651 1384 696 rece.

165 731 322 814 plerique.
367 730 470 795 Pauci
485 731 572 815 iique
587 730 746 798 feliciores
761 734 916 816 Mediceo,
933 733 1104 798 emendare
1121 740 1196 798 eunt
1210 733 1325 798 bonati.
1342 773 1384 782 -
1406 769 1409 773 ·

252 834 333 899 Pari
365 833 460 900 modo
494 833 657 916 lacunam,
696 857 793 919 quam
827 837 973 902 exhibuit
1005 837 1217 920 archetypus,
1254 838 1384 920 explere
1491 839 1494 847 '

166 936 291 1001 studuit
312 935 464 1002 librarius
485 936 571 1003 Med.
604 938 637 1002 in
659 938 781 1004 Prom.
803 961 832 1004 v.
855 943 941 1021 610,
970 939 1027 1005 ubi
1047 937 1135 1007 Med.
1160 937 1227 1006 Vit.
1254 939 1335 1008 Ven.
1362 944 1383 1002 3

169 1038 338 1105 exhibent:

410 1138 492 1220 λέξω
512 1144 614 1229 τορῶς
635 1164 687 1208 σοι
710 1145 778 1208 πᾶν
799 1140 852 1208 ότι
872 1141 993 1230 χρῄζεις
1014 1146 1141 1225 μαθεῖν.

250 1244 293 1310 In
313 1243 545 1309 recentioribus
569 1245 732 1312 codicibus
756 1248 870 1312 ceteris
893 1247 1012 1330 legitur
1033 1237 1053 1312 3
1073 1241 1202 1333 χρῄζεις.
1247 1247 1314 1312 Pro
1329 1243 1384 1310 ότι

166 1348 254 1430 quod
281 1352 465 1432 suspectum
495 1352 544 1412 est
574 1355 762 1432 propterea,
793 1349 881 1432 quod
910 1370 1071 1432 nusquam
1101 1348 1168 1414 iere
1199 1349 1385 1432 Aeschylus

164 1450 307 1535 neglexit
333 1450 569 1533 correptionem
591 1451 752 1532 Atticam,
784 1473 894 1517 veram
924 1452 1095 1518 lectionem
1124 1448 1206 1537 ὅπερ
1237 1452 1385 1518 restituit

166 1555 332 1622 Pcrsonus
362 1574 400 1618 ex
422 1553 648 1638 Etymclogico
670 1555 790 1639 Magno
813 1557 858 1640 (p.
884 1559 955 1636 762,
981 1554 1045 1640 10),
1074 1559 1107 1620 et
1128 1551 1211 1642 ὅπερ
1238 1553 1313 1619 inde
1340 1553 1384 1618 ab

167 1655 315 1722 omnibus
337 1655 514 1722 editoribus
537 1662 586 1722 cst
607 1662 781 1741 receptum.
825 1658 899 1723 Iam
919 1677 995 1724 vero
1017 1662 1164 1740 apparet,
1187 1656 1386 1723 simillimum

167 1759 253 1823 hunc
280 1758 385 1823 locum
413 1780 483 1825 esse
509 1760 563 1840 iis,
593 1781 673 1843 quos
696 1761 793 1826 modo
815 1761 965 1826 tractavi.
1009 1760 1089 1825 Fuit
1111 1759 1250 1825 enimin
1271 1759 1385 1824 arche-

166 1867 245 1946 typo
278 1852 298 1927 3
328 1863 446 1928 omisso
479 1885 551 1947 περ.
595 1862 764 1928 Librarius
796 1885 871 1928 vero
904 1864 990 1929 Med.
1024 1883 1064 1928 ne
1098 1862 1225 1940 deesset
1257 1862 1386 1947 syllaba

167 1964 303 2045 senario,
325 1964 535 2048 interpolavit
557 1960 609 2031 dre
630 1987 689 2048 pro
712 1959 739 2046 3,
763 1967 803 2032 de
824 1967 977 2051 prosodia
999 1986 1140 2033 securus.
1184 1966 1225 2031 In
1247 1964 1317 2031 cod.
1338 1967 1384 2030 A.

166 2075 275 2134 autem
302 2088 426 2132 summa
452 2088 525 2132 cum
552 2067 616 2132 fide
646 2067 843 2152 descriptum
870 2075 941 2134 erat
968 2068 1049 2133 illud
1077 2059 1112 2150 3,
1142 2069 1176 2133 in
1204 2068 1384 2152 archetypo

165 2171 333 2236 traditum.
379 2168 476 2253 Quod
509 2191 582 2235 cum
614 2171 760 2255 plerique
793 2172 957 2255 integrum
988 2171 1183 2256 reciperent,
1218 2170 1278 2236 soli
1313 2169 1382 2238 Vit.

167 2271 250 2340 Ven.
275 2276 293 2336 3
318 2273 431 2340 eodem
452 2273 547 2339 modo
570 2295 634 2356 quo
655 2274 742 2340 Med.
757 2274 1013 2358 interpolarent.
1037 2311 1080 2322 -

252 2375 323 2443 Neo
355 2375 459 2442 minus
492 2376 759 2460 interpolatorem
789 2377 1059 2462 deprehendimus
1093 2376 1260 2441 librarium
1293 2373 1382 2439 Med.

166 2479 287 2546 Prcm.
306 2483 384 2546 -684
405 2479 426 2560 s,
451 2478 507 2544 ubi
528 2480 646 2545 tradit:

389 2579 495 2658 κλύεις
515 2579 558 2648 τὰ
579 2577 772 2668 πραχθέντ’·
793 2577 823 2648 οἱ
844 2577 961 2664 δ’όχεις
982 2577 1088 2648 εἰπεῖν
1108 2576 1158 2648 ἔτι

390 2682 508 2753 λοιπὸν
530 2681 641 2766 πόνον,
662 2681 812 2772 σήμαινε·

166 2789 199 2852 in
220 2783 270 2853 ἔτι
292 2809 369 2854 voce
398 2810 508 2854 omnes
531 2787 624 2853 codd.
642 2789 847 2872 conspirant,
877 2785 978 2855 πόνον
999 2794 1129 2873 praeter
1150 2786 1235 2852 Med.
1259 2785 1383 2850 habent

168 2889 324 2958 Cantabr.
350 2897 377 2956 l.
402 2897 430 2955 2.
454 2890 537 2959 Ven.
562 2897 591 2956 2.
615 2891 713 2961 Vind.
738 2897 767 2956 3.
807 2891 929 2960 Veram
950 2891 1120 2958 lectionem
1143 2886 1194 2955 ὅτι
1211 2925 1248 2936 ·-
1261 2884 1380 2969 πόνων,

167 2993 423 3060 commendatam
439 2994 603 3059 codicibus
617 3015 710 3077 rece,
727 2996 784 3077 qui
799 2989 848 3059 ἔνι
862 3031 901 3042 -
916 2991 1027 3060 πόνων
1041 2992 1203 3071 exhibent,
1220 2995 1383 3073 receptam

165 3097 231 3162 iam
253 3097 286 3162 in
310 3097 382 3163 edd.
400 3096 477 3164 Ald.
498 3095 599 3180 Turn,
622 3097 772 3183 probavit
788 3097 978 3163 Dindorfius
993 3117 1130 3162 necnon
1146 3091 1381 3158 Kirchhoffius.

167 3199 325 3282 Sorofius,
353 3201 410 3284 qui
437 3221 468 3284 p.
493 3204 533 3264 29
557 3200 648 3281 dicit,
676 3223 741 3266 non
770 3201 901 3266 difficile
923 3199 1021 3264 fuisse
1044 3185 1232 3284 (correctori
1255 3195 1383 3280 Byzan·

166 3302 248 3390 tino)
272 3299 382 3368 πόνων
396 3324 436 3368 ex
451 3300 553 3368 πόνον
575 3304 744 3386 corrigere,
768 3304 985 3368 temeritatem
1001 3321 1091 3365 suam
1107 3299 1251 3384 aperuit3
1274 3319 1380 3380 neque

167 3405 252 3469 enim
274 3405 340 3470 ullo
363 3406 459 3472 modo
482 3406 617 3489 cogitari
638 3411 755 3489 potest,
778 3427 850 3472 eum
873 3405 929 3488 qui
953 3403 1113 3486 corrigere
1134 3402 1231 3468 vellet
1246 3401 1385 3466 Medicei

167 3508 286 3573 codicis
310 3508 487 3591 lectionem,
511 3508 650 3593 probata
672 3503 720 3574 ἔτι
743 3508 915 3593 particula,
939 3507 1136 3591 scripturum
1158 3505 1257 3570 fuisse
1274 3501 1384 3570 πόνων

166 3632 225 3694 pro
249 3607 358 3676 πόνον.

253 3713 442 3782 Dindorfius
465 3714 598 3800 (Philcl.
623 3713 752 3782 XVIII
774 3734 805 3796 p.
829 3712 885 3799 82)
908 3712 991 3777 falso
1014 3711 1124 3792 refert,
1145 3705 1195 3775 ἔτι
1219 3749 1257 3793 ··.
1282 3705 1384 3774 πόνον

167 3840 197 3882 a.
220 3838 300 3884 rece.
325 3824 504 3884 correctum
534 3839 601 3884 esse
623 3819 657 3882 in
679 3812 731 3883 ότι
747 3853 787 3863 -
803 3809 923 3880 πόνων.
967 3815 1181 3899 Perspicuum
1202 3820 1253 3880 est
1275 3809 1384 3878 πόνων

166 3941 225 3986 nec
254 3921 451 4006 negligentia
477 3928 666 4005 corruptum
696 3940 766 3984 esse
796 3940 835 3985 ex
857 3919 913 3985 illo
936 3915 1047 4001 πόνον,
1077 3917 1165 4000 quod
1188 3917 1291 3983 estin
1313 3913 1382 3979 cod.

167 4023 269 4105 Med,
300 4046 359 4090 nec
381 4024 421 4090 de
443 4024 604 4090 industria
625 4023 857 4107 interpolatum
879 4043 899 4086 a
920 4021 1131 4105 grammatico
1156 4021 1274 4106 alique.
1319 4016 1384 4083 Sed

167 4126 230 4193 luit
249 4128 282 4191 in
304 4128 479 4212 archetypo
502 4123 551 4192 ἔτι
574 4127 690 4193 calami
712 4128 805 4210 lapsu
827 4132 996 4191 exaratum
1011 4145 1070 4208 pro
1086 4119 1147 4205 ότι,
1170 4129 1257 4188 recte
1273 4126 1384 4185 autem

168 4230 323 4314 scriptum
345 4228 467 4297 πόνων.
512 4229 641 4296 Codicis
663 4231 706 4296 A.
730 4229 897 4311 librarius,
924 4228 1013 4294 nullo
1035 4225 1255 4312 interpolandi
1277 4222 1384 4288 studio

168 4332 298 4416 ductus,
326 4333 578 4418 religiosissime,
610 4334 698 4416 quod
726 4331 849 4397 invenit
877 4331 911 4394 in
940 4332 1115 4414 archetypo
1138 4323 1187 4394 ἔτι
1209 4365 1252 4378 -
1274 4323 1384 4392 πόνων

168 4436 353 4523 descripsit3
386 4436 473 4506 Med.
504 4443 629 4518 autem,
662 4439 719 4519 qui
751 4434 928 4501 offenderet
959 4435 992 4499 in
1022 4432 1170 4518 genetivo
1201 4427 1312 4496 πόνων
1342 4429 1384 4493 ad
