3134 4998
803 241 843 302 26

221 441 385 525 adscripto
401 466 422 505 α
435 441 513 507 Par.
527 441 569 506 L.
583 436 719 530 εὐσταλῆ
732 464 768 507 τε
783 443 825 511 G.
844 442 999 510 Oantabr.
1017 448 1044 508 1.
1061 449 1089 507 2.
1107 444 1182 508 Par.
1199 441 1236 508 O.
1250 441 1341 509 Oolh.
1359 447 1428 507 1.2.

221 538 351 631 εὐστελῆ
360 543 483 610 rcVen.
497 547 539 610 A.
553 539 670 632 εὐδαλῆ
681 567 715 610 τε
725 545 816 630 Lips.
829 541 965 632 εὐσταλῆ
976 543 1040 610 καὶ.
1068 545 1169 610 Mose.
1180 546 1258 610 Par.
1270 544 1312 610 A.
1325 539 1432 632 εὐτελῆ

222 669 282 727 τοι,
315 669 335 712 a
368 651 546 713 correctore
577 653 737 713 mutatum
770 650 803 714 in
835 645 972 735 εὐσταλῆ
1007 651 1040 714 et
1070 671 1169 732 supra
1200 649 1355 733 scriptum
1384 669 1429 734 γρ.

221 744 351 836 εὐσταλῆ
372 749 439 816 Vit.

308 849 497 918 Omittenda
525 855 575 916 est
604 845 720 939 εὐύαλῆ
755 852 823 918 cod.
853 853 1032 937 Lipsiensis
1064 852 1161 917 lectio
1192 873 1302 918 errore
1328 869 1432 918 recen·

223 954 315 1019 tioris
336 954 462 1020 librarii
485 961 558 1019 orta
580 959 612 1020 et
633 954 828 1037 interpolata
855 955 933 1021 Par.
955 955 998 1020 A.
1021 955 1120 1021 Mose.
1143 954 1255 1034 lectio,
1288 977 1431 1039 agram-

222 1057 340 1123 matico
362 1058 471 1141 aliquo
494 1058 686 1141 excogitata,
711 1058 766 1141 qui
788 1057 948 1127 adiectiva
969 1054 1106 1146 εὐσταλῆ
1128 1064 1160 1124 et
1182 1054 1293 1123 λεκτὸν
1318 1058 1433 1142 copula

223 1154 280 1224 καί
309 1160 472 1244 iungenda
506 1181 574 1224 csse
602 1164 742 1244 putaret.
799 1160 990 1227 Ceterorum
1015 1166 1123 1226 autem
1151 1159 1298 1226 codicum
1327 1160 1432 1224 vanae

223 1263 377 1328 lectiones
398 1256 536 1349 εὐσταλῆ
557 1285 624 1342 τοι,
647 1256 778 1351 εὐστελῆ
799 1287 865 1343 τοι,
889 1257 998 1350 εὐτελῆ
1018 1287 1084 1343 τοι,
1113 1257 1249 1349 εὐσταλῆ
1269 1285 1305 1326 τε
1327 1284 1433 1328 omnes

222 1366 359 1431 redeunt
386 1365 428 1429 ad
456 1365 682 1447 archetypum,
711 1367 766 1448 qui
793 1364 908 1430 habuit
933 1373 1019 1431 recte
1042 1361 1178 1453 εὐσταλῆ
1200 1366 1256 1431 sed
1277 1390 1313 1432 τε
1336 1389 1433 1452 supra

223 1467 385 1552 adscripto
409 1467 450 1532 ab
471 1467 702 1551 interpolatore
726 1469 865 1552 stupido,
890 1469 958 1552 qui,
982 1491 1054 1534 cum
1076 1463 1230 1556 εὐσταλής
1252 1491 1320 1535 esse
1344 1490 1432 1535 voca-

220 1572 331 1636 bulum
359 1592 476 1654 purum
512 1574 544 1634 et
574 1566 737 1634 Graecum
764 1571 943 1655 ignoraret,
981 1592 1037 1636 seu
1067 1564 1210 1658 εὐστελῆ,
1246 1572 1333 1654 quod
1372 1571 1432 1636 sibi

221 1674 376 1756 fingeret,
405 1693 461 1737 sen
483 1666 592 1758 εὐτελῆ
612 1671 708 1737 vellet
730 1673 901 1756 corrigere.
946 1674 1117 1740 Librarius
1140 1678 1248 1738 autem
1270 1672 1434 1739 Mediceus

221 1775 300 1860 quid
321 1776 384 1840 hac
406 1774 627 1858 dittographia
649 1773 784 1856 faceret,
808 1776 974 1857 dubitans,
1003 1777 1141 1860 primunr
1165 1776 1292 1860 scripsit
1315 1771 1433 1863 εὐτελῆ,

222 1878 337 1943 deinde
359 1898 379 1942 σ
400 1876 543 1956 addidit;
568 1876 743 1961 eodemque
764 1880 859 1944 modo
879 1879 1074 1944 recentiores
1088 1878 1236 1943 nonnulli
1250 1887 1434 1962 peccarunt,

221 1982 277 2046 sed
305 1981 466 2066 plerique,
496 2002 568 2044 cum
596 1979 787 2044 vocabulum
816 1976 952 2068 εὐσταλῆ
973 2004 1037 2046 non
1060 1985 1237 2062 mutarent,
1268 2004 1302 2046 τε
1323 1982 1436 2046 literas

224 2084 265 2149 ab
295 2083 529 2166 interpolatore
559 2081 689 2146 additas
716 2089 773 2147 aut
803 2090 889 2148 recte
919 2084 1128 2166 neglexerunt
1154 2090 1211 2147 aut
1238 2105 1297 2167 pro
1324 2107 1374 2148 τοι
1403 2085 1436 2149 iu

227 2207 351 2250 versum
384 2188 583 2268 receperunt.
640 2183 780 2250 Obstare
813 2186 940 2250 videtur
971 2187 1046 2250 huic
1079 2186 1284 2270 explicationi
1317 2185 1437 2250 codicis

223 2288 304 2355 Ven.
328 2289 370 2354 A.
392 2289 501 2371 lectio,
532 2286 587 2371 qui
610 2286 709 2353 habet
730 2281 859 2376 εὐσταλῆ
881 2287 997 2354 deiude
1019 2294 1126 2352 autem
1148 2311 1183 2352 τε
1204 2310 1263 2372 pro
1284 2312 1348 2368 τοι;
1377 2289 1435 2352 sed

221 2393 293 2458 hoc.
308 2415 343 2456 τε
369 2392 458 2456 haud
486 2390 581 2456 dubie
611 2390 834 2474 depromptum
863 2397 912 2456 est
938 2414 955 2456 e
982 2391 1160 2456 recentiore
1186 2391 1285 2474 libro,
1314 2393 1434 2475 inquo

223 2497 378 2580 scriptum
402 2500 473 2560 erat
487 2488 631 2578 ἐὐσταλῆ
650 2515 694 2556 τε.
718 2531 761 2540 -

305 2599 369 2664 His
385 2597 533 2664 omnibus
549 2595 636 2675 locis,
654 2616 726 2660 cum
742 2617 800 2679 pro
816 2595 993 2679 depravata
1009 2595 1128 2659 codicis
1144 2595 1280 2662 Medicei
1296 2597 1434 2661 lectione

223 2724 332 2767 veram
347 2700 505 2782 Aeschyli
520 2718 650 2761 manum
668 2698 841 2764 exhibeant
855 2720 947 2779 rece,
971 2698 1077 2782 Sept.
1095 2721 1122 2760 v.
1142 2702 1215 2764 134
1235 2704 1268 2763 et
1281 2698 1434 2764 librarius

223 2804 387 2869 Mediceus
410 2810 443 2868 et
465 2822 545 2867 recc.
569 2799 693 2864 varium
716 2801 750 2864 iu
771 2800 902 2865 modum
916 2806 1100 2886 peccarunt,
1124 2800 1180 2866 sed
1203 2801 1259 2882 ita,
1282 2805 1319 2864 ut
1332 2801 1433 2883 possit

223 2907 378 2991 perspici,
407 2903 624 2970 recentiorum
652 2903 867 2986 corruptelam
889 2926 953 2968 non
977 2924 993 2968 e
1016 2903 1126 2968 codice
1148 2904 1294 2968 Mediceo
1317 2902 1374 2967 sed
1396 2924 1434 2966 ex

222 3009 395 3093 archetypo
426 3029 494 3072 esse
523 3005 669 3090 petitam.
714 3006 851 3090 Legitur
881 3008 966 3071 euim
995 3007 1027 3069 in
1055 3006 1202 3071 omnibus
1230 3005 1322 3070 codd.
1350 3027 1432 3070 recc.

221 3110 314 3194 τόξον
335 3101 369 3175 εὐ
394 3107 547 3188 πυκάζου,
570 3108 655 3174 Med.
678 3132 699 3173 a
719 3111 824 3193 prima
847 3132 943 3174 manu
965 3109 1124 3174 habuerat
1145 3105 1239 3189 τόξον
1260 3105 1431 3188 τττυκάζου,

221 3215 278 3280 sod
298 3235 411 3280 manus
434 3213 539 3276 altera
559 3218 634 3276 rante
656 3209 791 3292 τυκάζου
813 3213 923 3296 posuit
942 3213 1210 3295 praepositionem
1234 3209 1266 3276 ἐν
1288 3211 1320 3275 in
1336 3211 1433 3275 litura

224 3318 338 3381 literae
362 3340 399 3379 ττ.
433 3314 555 3382 Veram
578 3315 745 3379 lectionem
768 3310 937 3394 εὐτυκάζου
959 3315 1101 3379 restituit
1122 3314 1161 3378 L.
1184 3313 1374 3380 Dindorfius
1395 3335 1434 3376 ex

222 3418 379 3504 Hesychii
412 3418 535 3502 glossa:
581 3412 765 3498 εὐτυκάζου·
803 3413 933 3482 εὐτοκου
966 3413 1030 3498 ἔχε,
1068 3413 1203 3499 ἕτοιμον.
1254 3418 1326 3482 Iam
1359 3437 1432 3481 vero

224 3528 376 3607 apparet,
408 3520 505 3583 fuisse
534 3520 566 3584 in
590 3542 628 3584 eo
649 3520 747 3600 libro,
776 3521 860 3586 unde
882 3520 1046 3586 Mediceus
1068 3521 1225 3599 manavit,
1254 3513 1430 3600 εὐτυκάζου,

221 3625 264 3690 ad
291 3649 310 3689 τ
338 3644 437 3708 supra
466 3622 629 3706 adscripto
658 3650 686 3688 ττ
708 3630 740 3690 et
762 3625 869 3709 priore
892 3649 910 3687 υ
932 3646 996 3689 non
1018 3625 1096 3690 satis
1119 3627 1268 3689 accurate
1291 3627 1430 3700 exarato,

221 3733 257 3791 ut
282 3731 391 3811 posset
419 3724 571 3790 confundi
601 3748 672 3790 oum
695 3751 719 3790 υ.
762 3728 930 3793 Librarius
959 3728 1058 3810 igitur
1078 3726 1242 3791 Mediceus
1265 3751 1293 3788 ττ
1316 3747 1374 3808 pro
1398 3719 1429 3787 εὐ

222 3831 339 3915 posuit,
363 3834 526 3893 corrector
548 3849 624 3893 vero
647 3829 679 3894 in
700 3830 771 3895 loco
794 3831 908 3900 literae
931 3856 959 3893 ττ
981 3830 1123 3894 restituit
1145 3826 1177 3894 ἐν
1200 3827 1287 3912 quod
1310 3849 1377 3893 esse
1397 3827 1429 3889 in

222 3934 395 4014 archetypo
433 3933 462 3996 ei
500 3929 680 3997 videbatur.
732 3934 830 3998 Alter
863 3939 972 3998 autem
1004 3931 1173 4012 librarius,
1208 3932 1264 4014 qui
1297 3930 1430 3996 confecit
1532 3948 1533 3951 ’

222 4037 361 4102 codicem
384 4034 428 4100 A.
452 4059 479 4098 τε
501 4056 560 4120 pro
583 4059 602 4098 τ
624 4042 755 4120 recepto
779 4036 909 4119 scripsit
930 4030 1120 4115 εὐτυκάζου.
1145 4070 1185 4082 -

306 4136 409 4204 Aliud
432 4144 480 4203 est
503 4140 682 4222 exemplum
704 4141 834 4205 Prom.
859 4143 944 4218 356,
975 4161 1014 4203 ex
1036 4159 1116 4221 quo,
1146 4159 1218 4203 cum
1240 4137 1428 4203 vocabulum

221 4246 405 4326 suspectum
427 4241 490 4306 alio
513 4242 584 4307 loco
608 4245 640 4308 in
663 4244 810 4310 Mediceo
834 4245 876 4308 sit
897 4243 1054 4326 positum,
1083 4241 1146 4307 alio
1168 4241 1202 4304 in
1224 4240 1317 4306 codd.
1339 4261 1426 4316 recc,

222 4342 367 4410 concludi
398 4345 512 4426 possit,
544 4345 606 4410 hoc
638 4347 744 4428 ipsum
774 4345 963 4411 vocabulum
994 4346 1028 4410 iu
1059 4345 1234 4430 archetypo
1263 4345 1304 4409 ab
1334 4345 1426 4408 inter·

221 4447 366 4531 polatore
393 4445 477 4510 inter
505 4469 613 4512 versus
643 4470 711 4513 esse
739 4448 886 4514 additum
914 4449 1023 4530 itaque
1052 4447 1213 4528 effectum,
1243 4454 1280 4514 ut
1307 4448 1424 4515 incerta
