3134 4998
718 201 758 266 29

129 423 201 467 eam
221 407 394 469 mutarent.
440 405 647 482 Probabilius
669 408 769 490 igitur
791 407 1022 488 videturesse,
1045 408 1216 475 librarium
1239 410 1342 476 Medi·

128 526 219 570 cenm
248 507 457 574 antecedente
491 504 710 596 ἀπανθρώπῳ
739 511 772 574 in
803 531 944 575 errorem
974 510 1142 578 inductum
1175 516 1342 599 scripsisse

126 604 222 695 τόπῳ
244 631 303 693 pro
327 605 437 697 ndyqq
461 633 500 678 ex
521 613 696 696 archetypo
718 618 825 678 autem
847 634 955 678 veram
976 613 1129 698 Aeschyli
1152 639 1283 682 manum
1309 619 1342 683 in

128 732 239 776 omnes
262 734 342 780 rece.
367 712 458 778 codd.
482 716 656 780 transiisse.
679 753 721 762 —

215 813 341 881 Prom.
366 820 437 883 140
459 816 499 882 ff.
521 816 641 900 legitur
663 818 759 901 vulgo

373 917 511 1007 [πατρὸς
530 915 695 1010 Ὠκεανοῦ]
719 915 865 1008 δέρχθητ’
888 915 1037 985 ἐσίδεσθ’

371 1024 428 1111 οἵῳ
451 1023 558 1110 δεσμῷ
581 1021 841 1112 προσπορπατὸς

371 1127 466 1214 τῆσδε
488 1125 652 1215 φάραγγος
673 1124 846 1203 σκοπέλοις
868 1125 901 1191 ἓν
924 1122 1034 1213 ἄκροις

372 1228 511 1317 φρουρὰν
533 1225 645 1318 ἄζηλον
667 1225 773 1318 ὀχήσω

125 1346 184 1406 pro
214 1329 474 1416 προσπορπατὸς
499 1333 586 1399 Med.
614 1334 713 1398 habet
743 1330 825 1417 πρὸς
855 1327 980 1417 πατρὸς
1008 1329 1172 1414 adscripto
1202 1353 1341 1396 amanu

124 1448 207 1492 saec.
232 1430 303 1499 XV
325 1433 599 1522 προσπορπατὸςς
621 1434 707 1523 πρὸσ
730 1460 780 1500 πο
800 1457 854 1510 τος
896 1441 970 1518 post
990 1458 1012 1497 α
1036 1453 1128 1498 erasa
1149 1457 1167 1518 ρ
1185 1433 1280 1498 litera
1307 1441 1344 1499 nt

125 1531 254 1597 videtur
278 1535 468 1603 Hermanno
496 1546 529 1604 et
559 1540 723 1623 adscripto
752 1539 794 1604 ab
817 1539 882 1603 alia
901 1558 999 1602 manu
1021 1559 1086 1621 προ
1108 1535 1153 1621 (Ρ)
1177 1533 1218 1602 G.
1244 1558 1342 1624 προσ-

126 1633 298 1728 πορπατὸς
320 1642 539 1725 superscripto
563 1664 609 1729 γρ.
634 1639 846 1728 προσπαρτὸς
866 1640 956 1724 Lips

212 1737 324 1804 Codici
345 1741 490 1808 Mediceo
506 1745 631 1810 illatu'm
648 1750 697 1810 est
712 1746 863 1810 mendum
879 1765 898 1807 a
913 1742 1055 1820 libraria,
1080 1742 1131 1805 oui
1147 1740 1338 1808 vocabulum

126 1835 265 1926 πατρὸς,
297 1845 385 1926 quod
415 1848 512 1930 paulo
541 1855 616 1914 ante
645 1853 851 1927 exaraverat,
882 1847 1116 1912 obversaretur.
1164 1842 1340 1928 Quaeritur

125 1943 232 2023 igitur,
256 1954 365 2012 utrum
380 1949 498 2014 codicis
515 1951 693 2034 Lipsiensis
709 1973 750 2015 an
766 1956 946 2014 ceterorum
962 1947 1108 2013 codicum
1123 1947 1339 2012 recentiorum

124 2044 220 2110 lectio
243 2050 285 2113 sit
306 2052 532 2133 praeferenda3
556 2055 736 2119 sententiae
758 2052 888 2136 quidem
904 2051 1063 2118 satisfacit
1078 2055 1111 2115 et
1127 2045 1340 2135 προσπαρτός

124 2153 158 2210 et
181 2153 459 2243 προσπορπατόςρ
477 2163 509 2222 et
530 2157 651 2241 recepit
667 2156 856 2221 Dindorfius
875 2154 965 2236 illud,
988 2158 1160 2238 propterea
1174 2153 1334 2232 nimirum,

125 2251 203 2333 quia
230 2258 363 2339 propius
391 2281 487 2342 quam
515 2257 775 2347 προσπορπατὸς
803 2259 927 2324 aceedit
954 2256 997 2322 ad
1023 2257 1193 2322 lectionem
1216 2254 1335 2322 codicis

125 2355 292 2421 Medinat·
326 2359 390 2426 Sed
422 2385 486 2428 non
516 2365 619 2428 teneri
653 2369 761 2446 potest
791 2362 908 2426 codini-s
939 2359 1117 2443 Lipsiensis
1147 2358 1244 2422 lectio
1279 2359 1340 2422 nisi

125 2457 239 2524 addito
265 2458 326 2544 ἐγώ
353 2465 439 2546 quod
467 2467 628 2550 supplevit
649 2463 855 2546 Dindorfius,
883 2471 919 2528 ut
948 2462 1090 2527 efficeret
1116 2459 1337 2544 tetrapodiam

124 2566 380 2645 anapaesticam;
405 2569 614 2649 quamobrem
636 2570 705 2636 sine
728 2567 826 2631 dubio
841 2567 883 2631 ab
898 2565 1063 2648 Aeschylo
1080 2561 1341 2650 προσπορπατὸς

124 2664 280 2748 scriptum
302 2673 358 2735 est.
406 2671 517 2754 Atque
533 2671 682 2756 equidem
696 2677 896 2736 nectentem
911 2670 991 2734 artis
1006 2669 1157 2734 metricae
1173 2667 1341 2731 seientiam

124 2767 222 2833 fuisse
241 2772 466 2856 interpolatori
481 2775 633 2856 arbitror,
656 2781 693 2840 ut
709 2769 928 2860 opopanacis,
952 2771 1040 2856 quod
1055 2792 1114 2854 per
1131 2791 1165 2834 se
1182 2771 1337 2853 optimam

124 2873 295 2954 praeberet
310 2878 511 2958 sententiam,
528 2877 722 2944 emendandi
738 2877 831 2941 metri
847 2897 945 2939 causa
964 2879 1105 2938 mutaret
1120 2873 1152 2936 in
1173 2893 1336 2959 προσπορ·

112 2973 245 3056 .πατός;
280 3001 339 3044 nec
371 2986 439 3046 tam
472 2982 671 3064 ingeniosam
707 2979 963 3044 emendationem
993 2975 1135 3040 tribuam
1165 2977 1341 3044 correctori

125 3077 322 3164 Byzantino,
345 3089 397 3163 ut,
421 3105 492 3148 oum
515 3084 636 3166 legeret
658 3085 691 3146 in
713 3083 822 3147 codiee
845 3081 990 3170 Mediceo
1015 3075 1098 3164 πρὸς
1121 3076 1259 3164 πατρὸς,
1284 3099 1341 3144 suo

126 3202 204 3245 usus
226 3183 353 3266 iudicio,
375 3187 559 3250 restitueret
582 3181 853 3272 προοπορπατός;
881 3183 1047 3265 multoque
1069 3181 1269 3264 probabilius
1292 3186 1345 3246 est

126 3290 299 3367 utramque
322 3287 467 3354 codicum
490 3290 704 3354 recentiorum
726 3289 895 3353 lectionem
918 3310 957 3352 ex
980 3285 1158 3366 archetypo
1180 3290 1343 3369 sumptam

126 3409 205 3452 esse.
249 3389 417 3456 Facillime
439 3391 523 3456 enim
545 3397 653 3475 potest
675 3391 822 3473 cogitari,
845 3390 1015 3454 librarium
1037 3387 1204 3470 archetypi
1227 3388 1339 3454 literas

126 3513 192 3576 παρ
231 3498 306 3556 ante
340 3515 462 3579 πορτος
492 3499 625 3577 propter
661 3493 902 3560 similitudinem
936 3489 1159 3574 praecedentis
1193 3492 1337 3574 syllabae

125 3609 207 3678 προς
227 3597 375 3660 omisisse
405 3601 437 3661 et
464 3617 561 3679 supra
591 3597 708 3660 lineam
738 3595 910 3664 addidisse.
966 3594 1060 3660 Unde
1090 3615 1162 3658 oum
1193 3595 1340 3677 plerique

120 3716 202 3762 rece.
230 3705 316 3765 recte
341 3696 600 3786 προσπορπατο,1
628 3700 822 3782 reciperent,
850 3698 940 3762 varia
962 3695 1032 3760 eod.
1055 3696 1148 3780 Lips.
1170 3697 1267 3762 lectio
1289 3699 1336 3761 ita

122 3799 250 3865 videtur
279 3809 350 3867 orta
377 3825 459 3884 esse,
492 3808 529 3866 ut
557 3802 707 3868 librarius
735 3801 916 3883 adscriptas
945 3800 1057 3865 literas
1085 3821 1150 3885 πορ
1179 3804 1341 3864 nonanta

122 3924 228 3978 πατος
249 3905 360 3970 sedin
382 3906 453 3972 loco
476 3904 619 3990 syllabae
645 3930 695 3969 πα
716 3905 883 3988 ponendas
907 3925 976 3969 esse
991 3908 1141 3987 putaret3
1166 3902 1222 3966 sed
1238 3923 1336 3989 προσ-

121 4003 242 4092 πορτός
262 4008 454 4074 vocabulum
477 4032 541 4074 non
564 4029 634 4073 esse
658 4007 823 4074 Graecum
844 4006 1036 4090 intelligens,
1060 4005 1172 4070 statim
1195 4005 1335 4072 correxit

120 4107 340 4196 προσπαρτός,
365 4112 452 4194 quod
474 4135 537 4177 non
562 4112 694 4176 difficile
717 4110 779 4175 fuit
802 4110 954 4175 invenire.
999 4108 1091 4193 Quae
1114 4109 1243 4173 sirecte
1261 4114 1338 4173 sunt

118 4211 298 4295 disputata,
336 4214 456 4278 codicis
488 4213 530 4280 G.
562 4235 706 4297 quoque,
745 4213 800 4296 qui
830 4209 914 4298 πρὸς
944 4234 1049 4286 πατος
1077 4211 1224 4290 exhibet,
1254 4211 1340 4276 unde

116 4313 263 4396 proiecta
286 4317 329 4380 sit
349 4317 545 4400 corruptela,
568 4317 771 4399 intelligitur.
815 4315 932 4383 Potest
955 4317 1038 4380 enim
1061 4313 1211 4396 cogitari,
1234 4313 1335 4378 libra-

1090 4419 1127 4453 πο

115 4470 197 4534 rium
231 4470 349 4536 codicis
384 4473 425 4536 G.
458 4495 528 4536 orrm
561 4472 683 4553 logi-rot
713 4474 745 4535 in
778 4493 836 4535 suo
866 4469 973 4534 codice
1005 4421 1211 4554 προσπὸτός,
1244 4468 1331 4552 quod
