3134 4998
739 317 782 384 25

202 516 340 581 tissimus
371 509 499 579 effector
526 517 559 579 et
580 514 732 599 magister
754 515 963 600 φιλόρροθρος,
997 513 1052 597 qui
1084 513 1204 597 primus
1236 513 1319 577 inter

203 645 255 688 eos
277 620 491 688 numerandus
517 624 573 699 est,
606 621 644 686 de
672 620 786 704 quibus
809 620 893 686 Plnt
917 641 996 687 mus.
1022 622 1091 685 2l.:
1126 617 1229 704 ἐτίμων
1251 629 1320 700 γοῦν

203 731 281 808 (scil.
305 727 333 794 οἱ
355 730 487 806 παλαιοί)
509 731 562 814 τὴν
585 725 729 815 ῥυθμικὴν
751 729 903 806 ποικιλίαν,
935 729 1047 792 καὶτὰ
1069 730 1133 812 περὶ
1154 729 1208 800 τὰς
1230 748 1320 811 κροο-

204 840 330 924 ρατικὰς
352 838 521 909 διαλέκτους
548 840 612 900 τότε
634 837 824 919 ποικιλώτερα
846 833 891 922 ἠν.
938 833 1093 899 Miramur
1122 834 1231 920 igitar,
1265 856 1320 898 cur

204 942 289 1028 quod
320 944 354 1007 in
382 944 492 1008 ceteris
514 942 630 1007 fabulis
662 943 738 1008 fecit
761 941 934 1026 Aeschylus
967 941 1123 1026 quodque,
1156 963 1220 1025 quo
1253 944 1321 1005 erat

204 1051 331 1137 ingenio
363 1053 394 1115 et
424 1049 574 1129 moribus,
607 1048 741 1116 debebat
772 1049 884 1128 facere,
918 1050 951 1114 in
983 1049 1043 1114 hac
1073 1071 1138 1114 una
1170 1049 1318 1114 omiserit.

205 1158 308 1234 Quare
330 1178 366 1221 eo
391 1157 488 1237 labor,
521 1161 556 1222 ut
588 1157 645 1222 has
672 1157 866 1242 tetrapodias
888 1163 995 1242 τρόπον
1016 1165 1155 1241 τραγικοῦ
1178 1176 1243 1220 esse
1265 1178 1320 1220 ne-

204 1286 285 1350 gem,
310 1286 381 1330 cum
404 1264 548 1349 proxime
571 1264 722 1330 accedant
744 1263 848 1328 forma
871 1268 967 1348 atque
999 1266 1159 1328 structura
1181 1263 1221 1328 ad
1245 1283 1320 1347 poe-

203 1375 310 1437 tarum
332 1373 501 1456 lyricorum
526 1375 558 1436 et
579 1371 758 1437 comoediae
780 1392 881 1450 usum,
905 1373 961 1455 qui
978 1372 1129 1436 dimetros
1147 1371 1321 1437 trochaicus

204 1477 338 1545 catalexi
362 1483 395 1544 et
416 1479 449 1543 in
472 1479 535 1544 fine
558 1484 590 1545 ct
612 1479 697 1544 intra
720 1478 862 1544 ordinem
885 1481 1026 1545 carentes
1045 1499 1117 1544 eum
1131 1478 1322 1544 catalecticis

204 1587 238 1651 in
270 1587 473 1669 hypermetra
504 1586 689 1652 coniunctos
721 1586 827 1651 habet.
878 1587 1001 1652 Deinde
1032 1586 1096 1651 alia
1128 1579 1322 1671 designanda

206 1697 253 1757 est
274 1691 450 1757 differentia
465 1692 548 1757 inter
563 1694 645 1758 hanc
658 1701 691 1757 et
705 1700 825 1767 ceteras
841 1693 990 1779 Aeschyli
1003 1694 1150 1778 strophas
1161 1692 1323 1758 trochaico

206 1801 307 1863 metro
327 1799 526 1882 conscriptas.
565 1799 652 1866 Solet
666 1801 751 1865 enim
766 1800 938 1885 Aeschylus
951 1801 986 1865 in
1001 1800 1141 1884 strophis
1155 1799 1323 1865 trochaicis

206 1904 429 1990 componendis
452 1907 628 1990 complures
651 1907 776 1972 ordines
797 1908 831 1971 in
854 1930 954 1972 unum
969 1928 1094 1972 versum
1113 1927 1234 1992 cogere,
1259 1927 1322 1989 qua

207 2012 352 2077 ordinum
376 2013 596 2078 coniunctione
619 2014 802 2099 granditate
824 2015 923 2079 severi
947 2019 1043 2098 atquc
1066 2014 1228 2100 magnifici
1254 2013 1322 2077 ido·

206 2121 319 2204 neique
350 2119 390 2184 ad
414 2120 703 2186 vehementissimos
734 2120 832 2186 animi
865 2126 970 2186 motus
1002 2121 1222 2205 exprimendos
1254 2120 1322 2184 effi-

205 2228 333 2292 ciuntur
357 2248 470 2292 versus.
518 2227 608 2303 Quod
632 2229 716 2293 enim
740 2228 866 2293 ordines
892 2229 926 2292 in
953 2228 1059 2294 thesin
1083 2230 1231 2293 exeuntes
1253 2250 1323 2291 ver·

207 2336 253 2401 bis
275 2335 358 2400 inter
381 2335 507 2400 ordines
530 2335 687 2401 distractis
710 2335 937 2420 observataque
967 2336 1124 2421 synaphia
1155 2337 1189 2400 in
1218 2356 1324 2400 versus

208 2442 397 2520 coalescunt,
427 2447 529 2528 χρόνοι
550 2447 683 2528 ιρὶοηροι
705 2443 909 2507 cumulantur
931 2443 1163 2527 rhythmusque
1193 2443 1260 2526 ipre
1287 2441 1325 2505 fit

208 2551 240 2613 et
261 2547 384 2612 tardior
407 2553 439 2612 et
461 2549 599 2634 gravim.
637 2547 756 2614 Contra
778 2550 812 2614 in
827 2549 896 2628 hac,
921 2550 959 2614 de
973 2572 1037 2634 qua
1050 2551 1166 2636 agitur,
1190 2549 1324 2633 stropha

207 2655 325 2741 singuli
349 2654 472 2720 ordines
494 2677 552 2744 suo
575 2678 709 2720 numero
733 2657 951 2735 absolvuntur,
975 2679 1078 2741 neque
1097 2657 1181 2721 enim
1200 2656 1325 2721 ordines

207 2783 412 2826 numerorum
435 2763 646 2846 perpetuitate
668 2764 753 2829 inter
774 2786 807 2830 se
829 2767 1009 2843 nectuntur,
1033 2764 1087 2828 sed
1110 2762 1325 2847 unusquisque

208 2868 285 2933 ordo
309 2869 346 2933 fit
368 2890 484 2934 versus.
530 2870 599 2946 Quo
623 2893 710 2936 more
733 2893 840 2936 verens
863 2894 902 2936 ex
925 2865 1140 2955 complurib'us
1164 2869 1326 2935 ordinibus

207 2975 308 3040 factos
339 2976 507 3041 omittendi
537 2978 603 3042 sine
635 2978 731 3043 dubio
762 2982 874 3044 auctor
906 2978 1086 3044 Promethei
1123 2981 1247 3043 secutus
1279 2979 1327 3041 est

206 3081 399 3167 Euripidem,
424 3084 480 3168 qui
493 3083 668 3169 Aeschylon
689 3087 931 3171 μεγαλοπρεπείᾳ,
956 3107 1038 3169 quae
1061 3085 1164 3170 longis
1188 3082 1327 3150 versibus

206 3189 436 3269 continebatur,
474 3191 584 3257 relicta
619 3192 654 3256 in
691 3194 851 3271 omnibus,
888 3215 970 3277 quae
1007 3196 1178 3277 supersunt
1211 3189 1327 3256 fabulis

207 3297 329 3363 duobus
351 3301 478 3364 tantum
501 3300 578 3364 locis
600 3300 742 3385 singulos
765 3300 889 3365 ordines
912 3321 1018 3366 versus
1037 3322 1101 3366 esse
1120 3299 1232 3365 noluit.
1269 3296 1325 3362 cfr.

208 3404 483 3489 Rossb-Westph.
508 3410 568 3473 art.
593 3410 683 3474 metr.
708 3405 767 3487 11²,
791 3431 822 3492 p.
844 3408 919 3474 470.

273 3511 407 3591 Causae,
436 3534 492 3577 cur
519 3513 644 3580 ordines
672 3515 858 3580 continuato
882 3537 1013 3581 numero
1036 3537 1102 3580 non
1124 3514 1324 3590 cohaereant,

206 3621 329 3704 positae
356 3619 435 3684 mihi
463 3619 612 3688 videntur
639 3643 703 3686 esse
735 3625 767 3686 et
794 3622 827 3686 in
851 3628 1039 3708 argumento
1061 3621 1212 3706 strophae
1235 3605 1267 3685 et
1289 3619 1322 3682 in

206 3731 275 3792 arte
298 3728 426 3793 musica.
471 3726 555 3792 Nam
579 3749 652 3794 cum
675 3729 823 3813 Aeschyli
846 3730 986 3814 strophis
1008 3729 1179 3794 trochaicis
1199 3729 1327 3815 μεγαλο-

205 3840 325 3918 πρέπεια
353 3839 384 3899 et
407 3835 517 3922 δίαρμα
540 3841 639 3923 ψυχῆς
663 3835 806 3922 ἀνδρῶδες
842 3838 1071 3921 exprimantur,
1105 3836 1164 3901 hac
1195 3835 1328 3918 stropha

206 3942 296 4006 tenui
333 3944 477 4008 oratione
512 3948 802 4010 commemorantur
838 3945 997 4023 nationes,
1031 3965 1112 4028 quae
1145 3942 1326 4007 Promethei

206 4049 311 4115 fatum
333 4051 455 4136 lugent.
488 4052 570 4129 Quid
593 4053 693 4137 igitur
707 4053 833 4132 mirum,
857 4052 941 4136 quod
956 4058 1023 4118 tam
1038 4051 1120 4116 levia
1135 4055 1328 4135 argumenta

206 4161 239 4221 et
261 4157 372 4221 tenuia
395 4159 489 4224 facile
510 4159 620 4224 breves
633 4182 840 4225 numerorum
854 4159 1093 4225 terminationes
1107 4158 1328 4224 admittebant.

207 4263 338 4329 Accedit
366 4265 429 4329 alia
452 4287 559 4342 cansa,
584 4288 666 4348 quae
689 4268 810 4332 musica
832 4273 879 4333 est
902 4266 1126 4353 intellegenda.
1174 4266 1220 4331 Ut
1243 4266 1326 4330 enim

207 4372 339 4436 omnino
363 4371 502 4437 diverbia
526 4379 632 4457 partes
656 4374 781 4438 melicas
804 4375 897 4440 facile
910 4375 945 4440 in
960 4373 1149 4440 Prometheo
1162 4376 1325 4456 superant,
