3134 4998
781 277 799 334 9

141 473 346 572 obstarent
378 476 445 557 alia
475 496 576 558 eaque
607 478 797 560 gravissima
825 477 1026 556 testimonia,
1060 492 1085 541 a·
1108 475 1242 542 librario
1274 477 1390 543 codicis

140 577 307 644 Medicei
337 600 406 644 esse
429 580 578 661 admissa,
601 585 709 664 potest
732 602 801 646 esse
823 581 926 646 multo
948 580 1121 662 antiquior.

242 682 418 748 Eiusdem
447 684 572 766 generis
602 690 678 749 sunt
701 683 765 748 alia
786 685 947 767 exempla,
977 703 1061 766 quae
1083 682 1213 765 collegit
1236 682 1388 765 Sorofius,

141 805 241 868 quae
268 787 440 869 quianon
463 809 544 870 opus
566 793 615 852 est
637 787 764 871 singula
785 786 942 869 refellere,
965 786 1104 851 breviter
1126 785 1273 851 afferam:

225 889 365 954 ·Pers.
398 894 469 955 582
497 884 553 976 ἔρα
580 891 668 957 Med.
698 885 827 975 ἔρονται
856 890 907 956 uel
935 885 1081 976 ἔρρανται
1103 910 1185 954 roco.
1209 889 1249 954 of.
1272 913 1302 974 p.
1328 889 1390 955 af.

245 992 387 1058 Prom.
412 997 481 1057 607
505 988 539 1058 τί
559 989 603 1081 μὴ
624 989 681 1082 χρὴ
702 990 736 1058 τί
756 992 926 1081 φάρμακον
948 989 1043 1060 νόσου
1064 993 1149 1058 Med.
1165 993 1241 1059 Par.
1259 992 1296 1060 O.
1313 977 1398 1059 Par.

148 1095 193 1161 B.
230 1090 270 1159 τό
301 1117 343 1178 με
363 1093 420 1184 χρὴ
447 1097 513 1162 sive
535 1091 568 1161 τί
589 1121 645 1179 μοι
668 1095 725 1186 χρὴ
747 1100 855 1164 ceteri.
899 1099 1022 1168 Veram
1043 1097 1214 1162 lectionem
1235 1091 1269 1162 τό
1289 1100 1392 1186 μῆχαρ

147 1192 170 1286 ἢ
195 1193 235 1262 τό
262 1195 441 1285 φάρμακον
460 1195 555 1266 νόσου
577 1201 789 1266 restituerunt
810 1202 984 1268 Elmsleius
1008 1205 1040 1266 et
1061 1199 1232 1266 Martinus.

252 1301 366 1386 Sept.
399 1306 468 1368 747
497 1301 716 1391 παλαιφάτων
746 1297 821 1390 ἀραὶ
849 1304 936 1370 Med.
966 1302 1027 1369 Ox.
1083 1300 1204 1369 Veram
1234 1302 1390 1386 Aeschyli

149 1427 304 1470 manum
326 1403 547 1492 παλαιφάτων
568 1400 647 1492 όρᾶν
668 1409 813 1473 restituit
835 1408 995 1490 Engerus.
1026 1406 1257 1490 Propagarunt
1282 1413 1390 1472 autem
1481 1423 1484 1430 ·

153 1509 299 1590 vitium,
323 1509 411 1591 quod
432 1509 465 1573 in
488 1510 574 1575 Med.
592 1508 653 1577 Ox.
670 1516 787 1592 exstat,
811 1532 921 1579 omnes
943 1510 1070 1578 librarii
1084 1529 1166 1577 recc.
1184 1505 1391 1598 παλαίφατοι

90 1611 92 1618 “
154 1612 365 1678 scribentes.

252 1704 368 1798 Sept.
403 1717 473 1778 749
511 1709 658 1797 πελόμεν’
694 1711 752 1780 orio
787 1715 873 1781 Med.
903 1714 991 1800 quod
1024 1715 1237 1800 depravatum
1271 1737 1340 1782 esse
1374 1738 1391 1781 e

158 1814 369 1901 πενομένους
392 1815 535 1883 Sorofius
559 1839 631 1884 cum
651 1817 859 1884 Kirohholfio
883 1817 976 1897 dicit-3
1000 1813 1143 1901 τελόμεν’
1167 1841 1248 1885 rece.

255 1920 353 1986 Nihil
380 1927 489 1986 autem
516 1920 566 1987 his
592 1921 671 1987 locis
702 1921 850 2007 probavit
873 1921 1033 2002 Sorofius,
1062 1923 1139 2006 qnia
1161 1921 1299 1989 Medicei
1322 1943 1390 1988 cor·

159 2023 337 2109 ruptelae,
361 2045 442 2106 quas
472 2045 552 2089 recc.
583 2026 874 2109 interpolaverunt,
906 2031 982 2091 srmt
1004 2024 1179 2105 eiusmodi,
1210 2030 1246 2090 ut
1267 2026 1392 2109 possint

157 2129 230 2192 iam
265 2129 333 2192 ess'e
362 2127 523 2192 admissae
551 2129 584 2192 in
611 2127 693 2194 libro
721 2129 911 2210 vetustiore,
942 2129 998 2211 qui
1021 2130 1197 2194 communis
1220 2135 1306 2194 esset
1327 2151 1392 2194 om·

158 2231 263 2296 nium
286 2230 432 2295 codicum
455 2231 660 2316 archetypus.

260 2332 467 2418 Quamquam
490 2334 570 2399 dnos
592 2334 679 2399 locos
702 2356 766 2398 non
788 2335 865 2398 licet
886 2334 1045 2414 omittere,
1069 2354 1159 2416 quoe,
1183 2335 1303 2416 siquis
1328 2355 1391 2397 non

164 2439 256 2504 satis
278 2442 429 2503 accurate
452 2437 697 2516 examinaverit,
721 2437 843 2501 habere
865 2436 1009 2519 aliquam
1031 2436 1190 2520 probandi
1215 2437 1279 2501 virn
1308 2436 1392 2501 forte

164 2542 333 2626 opinetur.

260 2643 387 2708 Prom.
410 2666 439 2732 v.
462 2647 533 2708 236
558 2641 638 2707 dicit
660 2642 891 2732 Prometheus:

417 2743 474 2810 καὶ
502 2749 606 2810 τοῖσιν
627 2738 731 2822 οὐδεὶς
753 2739 919 2827 ἀντέβαινε
941 2741 1025 2831 πλὴν
1048 2741 1136 2826 ἐμοῦ,

418 2845 480 2933 ἐγὼ
502 2843 530 2913 δ’
554 2842 716 2936 ἐτόλμηό·
738 2843 931 2934 ἐξελυσάμην
952 2843 1086 2933 βροτοὺς
1108 2852 1168 2911 eto.

127 3001 129 3008 .
168 2951 204 3016 in
230 2949 339 3016 codice
361 2950 507 3017 Mediceo
528 2952 647 3036 legitur
669 2948 732 3036 ἐγὼ
758 2948 795 3016 δὲ
820 2944 950 3036 τόλμηό
974 2950 1187 3034 depravatum
1209 2969 1249 3014 ex
1278 2943 1391 3030 ἑγὼό

168 3047 319 3141 ἐτόλμηό
346 3055 393 3119 ita
419 3061 544 3136 tamen,
574 3060 611 3119 ut
638 3061 784 3120 servatus
810 3054 853 3119 sit
879 3053 1095 3137 apostrophus
1118 3073 1214 3117 verae
1243 3050 1391 3116 lectionis

166 3157 355 3240 vestigium.
391 3157 517 3224 Galami
539 3179 616 3222 vero
639 3157 760 3240 lapsus,
784 3156 943 3221 admissus
966 3177 986 3221 a
1007 3156 1142 3220 librario
1159 3154 1304 3219 Mediceo
1319 3173 1393 3236 pro-

168 3265 314 3346 pagatus
338 3266 430 3324 esta
460 3281 542 3325 reoc.
570 3262 618 3326 ita
648 3259 794 3342 quidem,
823 3265 860 3324 ut
887 3259 1034 3324 nonnulli
1063 3257 1237 3323 exhibeant
1265 3252 1327 3340 ἐγὼ
1358 3253 1393 3319 δὲ

170 3361 301 3450 τόλμης,
324 3363 379 3430 alii
402 3359 464 3448 ἐγὼ
487 3360 523 3428 δὲ
543 3363 669 3451 τολμῆς,
692 3364 748 3428 alii
770 3362 908 3445 denique
930 3358 992 3446 ἐγὼ
1015 3357 1043 3424 δ’
1066 3355 1084 3425 ὁ
1106 3359 1232 3448 τολμῆς.

263 3468 387 3532 Fateor
414 3487 464 3531 me
492 3488 620 3550 quoque
646 3467 739 3531 initio
766 3468 799 3530 in
827 3464 986 3530 hocloco
1014 3465 1202 3528 haesitasse.
1261 3457 1399 3527 Etenim

174 3592 248 3636 cum
271 3591 336 3635 non
358 3570 402 3634 sit
423 3570 603 3651 verisimile,
627 3575 721 3634 tanta
742 3592 815 3636 cum
836 3568 898 3633 fide
921 3568 1090 3632 librarium
1113 3567 1232 3632 codicis
1254 3565 1392 3631 Medicei

175 3673 356 3758 scripsisse,
384 3678 421 3738 ut
442 3673 545 3738 levem
566 3673 657 3737 illam
685 3678 718 3737 et
738 3679 868 3738 tenuem
890 3670 1108 3755 corruptelam
1139 3692 1179 3735 ex
1200 3671 1263 3735 alio
1285 3669 1393 3735 codice

175 3779 336 3860 integram
358 3777 525 3860 reciperet,
549 3775 729 3858 putandum
752 3777 824 3856 erit,
848 3775 968 3841 abillo
991 3775 1094 3858 primo
1110 3775 1222 3839 vitium
1246 3794 1314 3839 esse
1338 3773 1394 3837 ad-

176 3880 317 3944 missum.
362 3879 472 3944 Possit
486 3879 587 3962 igitur
604 3879 728 3961 coniici,
745 3879 958 3963 interpolatas
982 3877 1128 3942 codicum
1142 3899 1223 3944 roco.
1238 3878 1393 3943 lectiones

178 3979 221 4046 ad
244 4002 342 4044 unum
366 3981 435 4046 cod.
459 3981 642 4048 Medioeum
664 4003 733 4047 esse
755 3983 951 4048 referendas.

263 4083 329 4151 sed
345 4084 434 4149 aliud
450 4084 544 4150 docet
565 4084 608 4150 de
622 4084 717 4151 huius
731 4085 995 4171 interpolationis
1018 4084 1141 4167 origine
1161 4088 1259 4167 atque
1275 4086 1393 4146 natura

178 4187 275 4254 schol.
305 4187 391 4253 Med.
428 4189 483 4271 qui
513 4189 665 4273 explicat:
721 4186 805 4264 τινὲς
832 4185 1002 4275 ἐτόλμησα.
1049 4185 1107 4251 καὶ
1140 4181 1177 4250 τὸ
1209 4179 1281 4271 ἑξῆς
1312 4182 1394 4266 μετὰ

177 4285 287 4379 ἤθους.
321 4287 454 4354 όόναται
480 4290 536 4356 καὶ
563 4291 680 4380 τολμῆς
705 4283 786 4357 εἶναι
814 4286 859 4368 nis
885 4294 979 4378 τιμῆς
999 4288 1131 4378 τιμήεις.
1176 4287 1250 4372 Qua
1278 4308 1317 4351 ex
1339 4288 1394 4351 ad-

177 4394 345 4460 notatione
373 4413 444 4459 oum
473 4394 583 4460 variae
612 4395 791 4462 afferantur
817 4394 973 4460 lectiones
1007 4387 1166 4477 ἐτόλμησα
1201 4395 1234 4454 et
1265 4389 1392 4477 τολμῆς,

178 4496 371 4581 intelligitur
400 4518 488 4576 eum,
520 4499 576 4580 qui
598 4499 660 4562 hoc
688 4497 831 4563 scholion
860 4497 1034 4576 scriberet,
1064 4495 1097 4559 in
1120 4515 1178 4559 suo
1201 4493 1312 4559 codiee
1334 4515 1393 4560 nec
