3134 4998
782 240 818 300 11

280 442 346 509 Sed
374 448 510 527 possunt
539 442 602 506 hae
630 429 916 526 interpretationes
943 443 977 507 in
1006 441 1075 508 cod.
1109 440 1195 508 Med.
1229 441 1410 526 adscriptae

180 546 387 630 antiquioris
408 566 478 610 esse
501 545 643 628 originis,
667 567 764 629 quam
785 547 865 630 ipse·
878 547 947 611 cod.
964 545 1129 611 Mediceus
1151 566 1210 608 nec
1232 545 1411 629 quidquam

181 650 282 733 cogit
303 671 372 729 nos,
396 655 432 713 ut
455 669 494 712 ex
515 646 577 712 hoo
600 669 654 713 eas
676 649 844 733 irrepsisse
866 651 898 715 in
922 649 1047 714 codices
1070 669 1152 714 rece.
1176 653 1366 713 statuamus,

280 751 484 834 Singularem
513 756 582 816 tum
608 750 714 817 locum
740 754 894 818 tractavit
922 751 1066 819 Sorofius
1092 751 1203 816 Pers.
1235 756 1326 832 859,
1355 751 1411 817 ubi

181 876 254 938 pro
277 850 460 937 νομίσματα
482 859 514 919 et
536 854 701 920 Mediceus
730 860 762 920 ct
782 877 863 922 reco.
888 855 982 920 codd.
1011 874 1121 919 omnes
1144 852 1297 918 exhibent
1324 850 1409 936 νομί-

183 980 291 1040 ματα.
337 955 411 1022 Ηοα
433 963 541 1022 autem
563 959 597 1023 in
620 957 764 1024 Mediceo
787 959 835 1024 ita
858 965 906 1025 est
928 958 1095 1038 traditum,
1119 961 1156 1020 ut
1171 954 1315 1038 syllabae
1337 974 1411 1039 νομι

183 1061 224 1124 in
249 1060 312 1125 fine
334 1057 445 1125 versus
468 1061 534 1124 siut
556 1061 695 1144 scriptae
712 1068 744 1127 et
759 1083 779 1126 a
793 1061 896 1127 literis
914 1086 1003 1144 poco
1025 1081 1125 1126 novus
1141 1079 1252 1123 versus
1266 1058 1409 1141 incipiat.

183 1164 296 1228 Putat
317 1163 417 1245 igitur
439 1163 594 1244 SorofiuS,
619 1163 794 1234 alibrario
823 1164 892 1230 cod.
917 1163 1003 1231 Med.
1034 1163 1138 1246 primo
1162 1162 1313 1227 omissam
1341 1182 1409 1226 esse

184 1267 323 1332 literam
349 1285 369 1330 σ
392 1271 467 1332 ante
489 1290 586 1349 ματα,
615 1267 670 1349 qui
694 1288 765 1332 cam
794 1289 828 1333 se
850 1269 915 1332 iam
943 1268 977 1331 in
1004 1287 1098 1332 versu
1120 1263 1333 1349 praecedente
1357 1285 1408 1328 ex·

186 1392 305 1436 arasse
328 1368 491 1449 crederet3
520 1369 594 1435 inde
624 1375 732 1434 autem
763 1371 847 1435 hanc
868 1369 1087 1454 corruptelam
1118 1368 1152 1432 in
1175 1387 1285 1431 omnes
1316 1366 1409 1431 codd.

187 1495 276 1539 recc.
301 1479 479 1537 manasse'
505 1472 571 1538 Sed
593 1494 665 1537 cum
688 1474 800 1539 ecdem
816 1474 911 1539 modo
934 1495 998 1556 quo
1020 1475 1054 1537 in
1069 1471 1228 1549 Medice0,
1250 1469 1284 1532 in
1306 1474 1411 1533 vetus·

188 1574 333 1642 tioribus
361 1595 489 1658 quoque
516 1574 679 1639 codicibus
710 1577 827 1642 divisos
854 1577 953 1643 fuisse
979 1597 1089 1640 versus
1120 1571 1273 1638 credibile
1303 1576 1361 1652 est,
1390 1593 1410 1636 a

190 1701 260 1762 quo
282 1677 416 1743 librario
430 1677 612 1760 profectum
635 1679 677 1743 sit
697 1679 819 1760 vitium,
841 1703 906 1746 non
920 1684 1029 1764 potest
1044 1675 1191 1742 discerni.
1236 1675 1329 1740 Haec
1343 1673 1410 1739 fere

189 1783 341 1862 fuerunt,
369 1780 485 1864 quibus
512 1781 655 1846 codicem
681 1782 724 1846 A.
752 1804 769 1846 e
798 1783 943 1847 Mediceo
967 1781 1165 1864 descriptum
1190 1799 1259 1844 esse
1283 1776 1411 1842 demon·

191 1891 315 1950 strasso
338 1883 399 1946 sibi
421 1881 548 1947 videtur
564 1882 717 1949 Sorofius.
741 1923 783 1932 --
798 1885 926 1950 Deinde
942 1905 1035 1949 omne
1058 1883 1200 1948 studium
1216 1899 1411 1964 operamque

190 2011 233 2053 eo
257 1986 409 2066 eontulit,
439 1989 476 2050 ut
497 2007 599 2070 paene
623 1987 770 2052 omnibus
795 1988 873 2052 locis
897 1987 1109 2068 enumeratiS,
1139 1985 1196 2050 ubi
1217 2005 1298 2049 recc.
1319 2004 1411 2067 prae·

191 2091 369 2156 stantiores
392 2087 538 2154 Mediceo
552 2089 714 2156 lectiones
737 2091 945 2175 praeberent,
973 2091 1032 2155 has
1062 2089 1248 2154 coniectura
1275 2107 1343 2151 esse
1365 2086 1411 2148 in-

190 2198 317 2273 ventas,
332 2214 396 2257 non
409 2212 483 2256 vero
500 2199 645 2276 sumptas
662 2214 679 2258 e
692 2199 818 2258 vetusto
836 2195 944 2276 aliquo
959 2193 1042 2259 libro
1056 2189 1254 2256 ostenderet.¹
1283 2189 1411 2271 Hisque

189 2296 271 2362 locis
296 2317 447 2379 magnum
477 2317 645 2360 numerum
675 2297 826 2380 opposuit
854 2317 978 2377 eorum,
1006 2298 1040 2361 in
1070 2295 1186 2380 quibus
1215 2293 1411 2376 depravatae

192 2399 261 2463 siut
282 2420 302 2462 a
324 2419 405 2463 rece.
424 2396 542 2462 codicis
557 2398 692 2462 Medicei
713 2399 877 2463 lectiones.
908 2399 960 2462 De
983 2399 1109 2482 quibus,
1136 2419 1208 2462 cum
1232 2395 1314 2460 nihil
1337 2413 1411 2458 con·

190 2502 327 2582 tineam,
351 2521 415 2584 quo
436 2499 589 2564 fulciatur
611 2500 728 2566 Sorolii
751 2500 871 2583 opium,
894 2500 1060 2583 disputare
1084 2498 1288 2583 supersedeo.
1315 2533 1355 2542 -
