<?xml version="1.0" encoding="UTF-8"?>
<!DOCTYPE html PUBLIC "-//W3C//DTD XHTML 1.0 Transitional//EN"
    "http://www.w3.org/TR/xhtml1/DTD/xhtml1-transitional.dtd">
<html xmlns="http://www.w3.org/1999/xhtml" xml:lang="en" lang="en">
 <head>
  <title>
</title>
<meta http-equiv="Content-Type" content="text/html;charset=utf-8" />
  <meta name='ocr-system' content='tesseract 3.04.00' />
  <meta name='ocr-capabilities' content='ocr_page ocr_carea ocr_par ocr_line ocrx_word'/>
</head>
<body>
  <div class='ocr_page' id='page_1' title='image "./decompositionem00heidgoog_0069.png"; bbox 0 0 3134 4998; ppageno 0'>
   <div class='ocr_carea' id='block_1_1' title="bbox 165 277 1477 2420">
    <p class='ocr_par' dir='ltr' id='par_1_1' title="bbox 838 277 858 338">
     <span class='ocr_line' id='line_1_1' title="bbox 838 277 858 338; baseline 0 0"><span class='ocrx_word' id='word_1_1' title='bbox 838 277 858 338; x_wconf 85' lang='lat'>8</span> 
     </span>
    </p>

    <p class='ocr_par' dir='ltr' id='par_1_2' title="bbox 240 477 1475 1064">
     <span class='ocr_line' id='line_1_2' title="bbox 325 477 1470 565; baseline -0.003 -21"><span class='ocrx_word' id='word_1_2' title='bbox 325 479 407 544; x_wconf 85' lang='lat' dir='ltr'><strong>Post</strong></span> <span class='ocrx_word' id='word_1_3' title='bbox 434 477 695 544; x_wconf 89' lang='lat' dir='ltr'>Heimsoethium</span> <span class='ocrx_word' id='word_1_4' title='bbox 726 481 834 565; x_wconf 87' lang='lat' dir='ltr'>tetigit</span> <span class='ocrx_word' id='word_1_5' title='bbox 864 481 949 546; x_wconf 88' lang='lat' dir='ltr'>hanc</span> <span class='ocrx_word' id='word_1_6' title='bbox 978 479 1201 564; x_wconf 87' lang='lat' dir='ltr'>quaestionem</span> <span class='ocrx_word' id='word_1_7' title='bbox 1230 477 1470 544; x_wconf 87' lang='lat' dir='ltr'>Weckleiuius</span> 
     </span>
     <span class='ocr_line' id='line_1_3' title="bbox 240 579 1474 666; baseline 0.002 -20"><span class='ocrx_word' id='word_1_8' title='bbox 240 583 272 646; x_wconf 90' lang='lat' dir='ltr'>in</span> <span class='ocrx_word' id='word_1_9' title='bbox 302 603 339 647; x_wconf 93' lang='grc'>66</span> <span class='ocrx_word' id='word_1_10' title='bbox 367 579 465 662; x_wconf 90' lang='lat' dir='ltr'>libr0,</span> <span class='ocrx_word' id='word_1_11' title='bbox 495 581 550 665; x_wconf 89' lang='lat' dir='ltr'>qui</span> <span class='ocrx_word' id='word_1_12' title='bbox 577 581 764 647; x_wconf 77' lang='lat' dir='ltr'>inscribitur</span> <span class='ocrx_word' id='word_1_13' title='bbox 794 583 950 664; x_wconf 79' lang='lat' dir='ltr'>„Studien</span> <span class='ocrx_word' id='word_1_14' title='bbox 980 604 1019 648; x_wconf 88' lang='lat' dir='ltr'>zu</span> <span class='ocrx_word' id='word_1_15' title='bbox 1041 581 1254 666; x_wconf 61' lang='lat' dir='ltr'>Aeschylum,</span> <span class='ocrx_word' id='word_1_16' title='bbox 1287 582 1351 647; x_wconf 92' lang='lat' dir='ltr'>ubi</span> <span class='ocrx_word' id='word_1_17' title='bbox 1375 603 1408 664; x_wconf 91' lang='lat' dir='ltr'>p.</span> <span class='ocrx_word' id='word_1_18' title='bbox 1435 585 1474 648; x_wconf 85' lang='lat'>60</span> 
     </span>
     <span class='ocr_line' id='line_1_4' title="bbox 241 684 1474 752; baseline 0 -2"><span class='ocrx_word' id='word_1_19' title='bbox 241 685 367 750; x_wconf 88' lang='lat' dir='ltr'>codices</span> <span class='ocrx_word' id='word_1_20' title='bbox 395 705 475 750; x_wconf 90' lang='grc'><strong>1666.</strong></span> <span class='ocrx_word' id='word_1_21' title='bbox 505 707 568 750; x_wconf 92' lang='lat' dir='ltr'>non</span> <span class='ocrx_word' id='word_1_22' title='bbox 595 706 611 750; x_wconf 88' lang='grc'>6</span> <span class='ocrx_word' id='word_1_23' title='bbox 641 685 787 751; x_wconf 87' lang='grc' dir='ltr'><strong>Μ611666</strong></span> <span class='ocrx_word' id='word_1_24' title='bbox 818 687 874 752; x_wconf 85' lang='grc'>661</span> <span class='ocrx_word' id='word_1_25' title='bbox 902 692 935 752; x_wconf 91' lang='grc'>61</span> <span class='ocrx_word' id='word_1_26' title='bbox 955 685 1136 751; x_wconf 88' lang='lat' dir='ltr'>Mediceum</span> <span class='ocrx_word' id='word_1_27' title='bbox 1165 691 1199 750; x_wconf 93' lang='lat' dir='ltr'>et</span> <span class='ocrx_word' id='word_1_28' title='bbox 1224 684 1366 752; x_wconf 87' lang='lat' dir='ltr'>codices</span> <span class='ocrx_word' id='word_1_29' title='bbox 1389 707 1474 751; x_wconf 86' lang='lat' dir='ltr'>rece.</span> 
     </span>
     <span class='ocr_line' id='line_1_5' title="bbox 242 787 1474 874; baseline 0.001 -22"><span class='ocrx_word' id='word_1_30' title='bbox 242 811 280 852; x_wconf 88' lang='lat' dir='ltr'>ex</span> <span class='ocrx_word' id='word_1_31' title='bbox 307 787 420 853; x_wconf 89' lang='grc'><strong>6616111</strong></span> <span class='ocrx_word' id='word_1_32' title='bbox 446 788 538 854; x_wconf 85' lang='grc'><strong>16116</strong></span> <span class='ocrx_word' id='word_1_33' title='bbox 567 809 636 854; x_wconf 84' lang='grc'><strong>6666</strong></span> <span class='ocrx_word' id='word_1_34' title='bbox 657 788 769 856; x_wconf 87' lang='lat' dir='ltr'>ductos</span> <span class='ocrx_word' id='word_1_35' title='bbox 791 791 910 874; x_wconf 88' lang='lat' dir='ltr'>posuit.</span> <span class='ocrx_word' id='word_1_36' title='bbox 955 789 1161 874; x_wconf 80' lang='lat' dir='ltr'>Quamquam</span> <span class='ocrx_word' id='word_1_37' title='bbox 1182 789 1223 854; x_wconf 91' lang='lat' dir='ltr'>de</span> <span class='ocrx_word' id='word_1_38' title='bbox 1247 790 1474 872; x_wconf 80' lang='lat' dir='ltr'>argumentis,</span> 
     </span>
     <span class='ocr_line' id='line_1_6' title="bbox 242 890 1475 977; baseline 0.001 -22"><span class='ocrx_word' id='word_1_39' title='bbox 242 890 358 974; x_wconf 89' lang='lat' dir='ltr'>quibus</span> <span class='ocrx_word' id='word_1_40' title='bbox 388 912 453 957; x_wconf 90' lang='lat' dir='ltr'>non</span> <span class='ocrx_word' id='word_1_41' title='bbox 484 893 593 977; x_wconf 90' lang='lat' dir='ltr'>inepte</span> <span class='ocrx_word' id='word_1_42' title='bbox 622 914 698 958; x_wconf 91' lang='lat' dir='ltr'>usus</span> <span class='ocrx_word' id='word_1_43' title='bbox 730 899 778 960; x_wconf 90' lang='lat' dir='ltr'>est</span> <span class='ocrx_word' id='word_1_44' title='bbox 807 894 862 960; x_wconf 93' lang='lat' dir='ltr'>ille</span> <span class='ocrx_word' id='word_1_45' title='bbox 891 917 921 960; x_wconf 83' lang='lat' dir='ltr'>v.</span> <span class='ocrx_word' id='word_1_46' title='bbox 951 893 981 960; x_wconf 93' lang='lat' dir='ltr'>d.</span> <span class='ocrx_word' id='word_1_47' title='bbox 1012 891 1126 958; x_wconf 91' lang='lat' dir='ltr'>melius</span> <span class='ocrx_word' id='word_1_48' title='bbox 1156 892 1243 958; x_wconf 82' lang='lat' dir='ltr'>infra</span> <span class='ocrx_word' id='word_1_49' title='bbox 1272 915 1308 977; x_wconf 92' lang='lat' dir='ltr'>p.</span> <span class='ocrx_word' id='word_1_50' title='bbox 1344 897 1402 958; x_wconf 78' lang='lat'>23.</span> <span class='ocrx_word' id='word_1_51' title='bbox 1435 896 1475 957; x_wconf 83' lang='grc'>27</span> 
     </span>
     <span class='ocr_line' id='line_1_7' title="bbox 241 995 1398 1064; baseline 0.003 -5"><span class='ocrx_word' id='word_1_52' title='bbox 241 995 337 1061; x_wconf 92' lang='lat' dir='ltr'>huius</span> <span class='ocrx_word' id='word_1_53' title='bbox 358 996 636 1061; x_wconf 87' lang='lat' dir='ltr'>commentationis</span> <span class='ocrx_word' id='word_1_54' title='bbox 658 996 793 1064; x_wconf 87' lang='lat' dir='ltr'>dicetur.</span> <span class='ocrx_word' id='word_1_55' title='bbox 815 1035 859 1046; x_wconf 92' lang='lat'>-</span> <span class='ocrx_word' id='word_1_56' title='bbox 1393 1001 1398 1008; x_wconf 85' lang='lat'>&#39;</span> 
     </span>
    </p>

    <p class='ocr_par' dir='ltr' id='par_1_3' title="bbox 165 1097 1477 1801">
     <span class='ocr_line' id='line_1_8' title="bbox 327 1097 1476 1184; baseline 0 -20"><span class='ocrx_word' id='word_1_57' title='bbox 327 1097 442 1181; x_wconf 87' lang='lat' dir='ltr'>Nuper</span> <span class='ocrx_word' id='word_1_58' title='bbox 472 1120 548 1164; x_wconf 86' lang='lat' dir='ltr'>vero</span> <span class='ocrx_word' id='word_1_59' title='bbox 580 1100 742 1165; x_wconf 84' lang='lat' dir='ltr'>Martinus</span> <span class='ocrx_word' id='word_1_60' title='bbox 776 1099 920 1170; x_wconf 88' lang='lat' dir='ltr'>Sorofius</span> <span class='ocrx_word' id='word_1_61' title='bbox 952 1098 1055 1165; x_wconf 86' lang='lat' dir='ltr'>edidit</span> <span class='ocrx_word' id='word_1_62' title='bbox 1086 1097 1357 1164; x_wconf 73' lang='lat' dir='ltr'>dissertationem</span> <span class='ocrx_word' id='word_1_63' title='bbox 1396 1098 1476 1184; x_wconf 89' lang='lat' dir='ltr'>(„de</span> 
     </span>
     <span class='ocr_line' id='line_1_9' title="bbox 241 1202 1477 1286; baseline 0.001 -20"><span class='ocrx_word' id='word_1_64' title='bbox 241 1202 368 1267; x_wconf 87' lang='lat' dir='ltr'>ratione</span> <span class='ocrx_word' id='word_1_65' title='bbox 389 1222 472 1285; x_wconf 87' lang='lat' dir='ltr'>quac</span> <span class='ocrx_word' id='word_1_66' title='bbox 486 1203 571 1267; x_wconf 90' lang='lat' dir='ltr'>inter</span> <span class='ocrx_word' id='word_1_67' title='bbox 586 1223 641 1268; x_wconf 89' lang='lat' dir='ltr'>eos</span> <span class='ocrx_word' id='word_1_68' title='bbox 656 1203 781 1269; x_wconf 85' lang='lat' dir='ltr'>codices</span> <span class='ocrx_word' id='word_1_69' title='bbox 797 1205 1001 1284; x_wconf 82' lang='lat' dir='ltr'>recentiores,</span> <span class='ocrx_word' id='word_1_70' title='bbox 1025 1202 1141 1286; x_wconf 91' lang='lat' dir='ltr'>quibus</span> <span class='ocrx_word' id='word_1_71' title='bbox 1157 1202 1317 1285; x_wconf 86' lang='lat' dir='ltr'>Aeschyli</span> <span class='ocrx_word' id='word_1_72' title='bbox 1335 1202 1477 1267; x_wconf 86' lang='lat' dir='ltr'>fabulae</span> 
     </span>
     <span class='ocr_line' id='line_1_10' title="bbox 165 1304 1477 1398; baseline 0.001 -30"><span class='ocrx_word' id='word_1_73' title='bbox 165 1387 170 1398; x_wconf 91' lang='lat'>.</span> <span class='ocrx_word' id='word_1_74' title='bbox 242 1305 457 1370; x_wconf 88' lang='lat' dir='ltr'>Prometheus</span> <span class='ocrx_word' id='word_1_75' title='bbox 473 1304 604 1391; x_wconf 82' lang='lat' dir='ltr'>Septem</span> <span class='ocrx_word' id='word_1_76' title='bbox 627 1306 698 1373; x_wconf 87' lang='lat' dir='ltr'>adv.</span> <span class='ocrx_word' id='word_1_77' title='bbox 716 1307 857 1387; x_wconf 75' lang='lat' dir='ltr'>Thebas,</span> <span class='ocrx_word' id='word_1_78' title='bbox 880 1306 1002 1371; x_wconf 86' lang='lat' dir='ltr'>Persae</span> <span class='ocrx_word' id='word_1_79' title='bbox 1025 1307 1240 1388; x_wconf 88' lang='lat' dir='ltr'>continentur,</span> <span class='ocrx_word' id='word_1_80' title='bbox 1264 1312 1298 1370; x_wconf 91' lang='lat' dir='ltr'>et</span> <span class='ocrx_word' id='word_1_81' title='bbox 1321 1305 1477 1371; x_wconf 88' lang='lat' dir='ltr'>codicem</span> 
     </span>
     <span class='ocr_line' id='line_1_11' title="bbox 243 1407 1475 1494; baseline 0.002 -22"><span class='ocrx_word' id='word_1_82' title='bbox 243 1407 502 1474; x_wconf 85' lang='lat' dir='ltr'>Laurentianum</span> <span class='ocrx_word' id='word_1_83' title='bbox 530 1409 730 1475; x_wconf 81' lang='lat' dir='ltr'>intercedat“</span> <span class='ocrx_word' id='word_1_84' title='bbox 760 1409 834 1474; x_wconf 91' lang='lat' dir='ltr'>diss.</span> <span class='ocrx_word' id='word_1_85' title='bbox 865 1408 1007 1474; x_wconf 91' lang='lat' dir='ltr'>Berolin.</span> <span class='ocrx_word' id='word_1_86' title='bbox 1031 1431 1105 1476; x_wconf 88' lang='lat' dir='ltr'>ann.</span> <span class='ocrx_word' id='word_1_87' title='bbox 1130 1408 1227 1494; x_wconf 80' lang='lat' dir='ltr'>lasa)</span> <span class='ocrx_word' id='word_1_88' title='bbox 1258 1430 1296 1474; x_wconf 92' lang='lat' dir='ltr'>eo</span> <span class='ocrx_word' id='word_1_89' title='bbox 1331 1410 1475 1475; x_wconf 91' lang='lat' dir='ltr'>consilio</span> 
     </span>
     <span class='ocr_line' id='line_1_12' title="bbox 244 1509 1476 1595; baseline 0 -19"><span class='ocrx_word' id='word_1_90' title='bbox 244 1511 406 1595; x_wconf 86' lang='lat' dir='ltr'>scriptam,</span> <span class='ocrx_word' id='word_1_91' title='bbox 429 1519 466 1578; x_wconf 92' lang='lat' dir='ltr'>ut</span> <span class='ocrx_word' id='word_1_92' title='bbox 491 1533 582 1593; x_wconf 87' lang='lat' dir='ltr'>„cum</span> <span class='ocrx_word' id='word_1_93' title='bbox 605 1513 791 1578; x_wconf 88' lang='lat' dir='ltr'>dubitarent</span> <span class='ocrx_word' id='word_1_94' title='bbox 813 1509 981 1578; x_wconf 87' lang='lat' dir='ltr'>etiamtum</span> <span class='ocrx_word' id='word_1_95' title='bbox 1002 1512 1149 1578; x_wconf 90' lang='lat' dir='ltr'>nonnulli</span> <span class='ocrx_word' id='word_1_96' title='bbox 1170 1511 1231 1577; x_wconf 81' lang='lat' dir='ltr'>viri</span> <span class='ocrx_word' id='word_1_97' title='bbox 1254 1512 1369 1594; x_wconf 91' lang='lat' dir='ltr'>docti,</span> <span class='ocrx_word' id='word_1_98' title='bbox 1396 1535 1476 1577; x_wconf 91' lang='lat' dir='ltr'>num</span> 
     </span>
     <span class='ocr_line' id='line_1_13' title="bbox 244 1614 1475 1697; baseline 0.001 -18"><span class='ocrx_word' id='word_1_99' title='bbox 244 1615 390 1680; x_wconf 90' lang='lat' dir='ltr'>codicum</span> <span class='ocrx_word' id='word_1_100' title='bbox 417 1636 499 1680; x_wconf 86' lang='lat' dir='ltr'>rece.</span> <span class='ocrx_word' id='word_1_101' title='bbox 527 1637 611 1681; x_wconf 90' lang='lat' dir='ltr'>unns</span> <span class='ocrx_word' id='word_1_102' title='bbox 640 1615 712 1680; x_wconf 85' lang='lat' dir='ltr'>fons</span> <span class='ocrx_word' id='word_1_103' title='bbox 742 1621 826 1680; x_wconf 88' lang='lat' dir='ltr'>esset</span> <span class='ocrx_word' id='word_1_104' title='bbox 854 1615 968 1697; x_wconf 70' lang='lat' dir='ltr'>Laus,</span> <span class='ocrx_word' id='word_1_105' title='bbox 995 1614 1069 1681; x_wconf 90' lang='lat' dir='ltr'>illos</span> <span class='ocrx_word' id='word_1_106' title='bbox 1097 1615 1139 1680; x_wconf 86' lang='lat' dir='ltr'>ad</span> <span class='ocrx_word' id='word_1_107' title='bbox 1161 1637 1261 1680; x_wconf 89' lang='lat' dir='ltr'>unum</span> <span class='ocrx_word' id='word_1_108' title='bbox 1283 1637 1409 1682; x_wconf 89' lang='lat' dir='ltr'>omnes</span> <span class='ocrx_word' id='word_1_109' title='bbox 1433 1615 1475 1680; x_wconf 89' lang='lat' dir='ltr'>ab</span> 
     </span>
     <span class='ocr_line' id='line_1_14' title="bbox 242 1717 858 1801; baseline 0.002 -19"><span class='ocrx_word' id='word_1_110' title='bbox 242 1717 304 1783; x_wconf 93' lang='lat' dir='ltr'>hoc</span> <span class='ocrx_word' id='word_1_111' title='bbox 326 1718 488 1784; x_wconf 86' lang='lat' dir='ltr'>derivatos</span> <span class='ocrx_word' id='word_1_112' title='bbox 511 1740 580 1784; x_wconf 90' lang='lat' dir='ltr'>esse</span> <span class='ocrx_word' id='word_1_113' title='bbox 604 1718 858 1801; x_wconf 87' lang='lat' dir='ltr'>comprobaret.“</span> 
     </span>
    </p>

    <p class='ocr_par' dir='ltr' id='par_1_4' title="bbox 235 1819 1473 2420">
     <span class='ocr_line' id='line_1_15' title="bbox 328 1819 1472 1906; baseline 0.003 -21"><span class='ocrx_word' id='word_1_114' title='bbox 328 1819 442 1904; x_wconf 88' lang='lat' dir='ltr'>Atque</span> <span class='ocrx_word' id='word_1_115' title='bbox 476 1823 583 1906; x_wconf 87' lang='lat' dir='ltr'>priore</span> <span class='ocrx_word' id='word_1_116' title='bbox 618 1821 750 1906; x_wconf 89' lang='lat' dir='ltr'>quidem</span> <span class='ocrx_word' id='word_1_117' title='bbox 783 1819 1061 1886; x_wconf 88' lang='lat' dir='ltr'>commentationis</span> <span class='ocrx_word' id='word_1_118' title='bbox 1094 1826 1188 1903; x_wconf 89' lang='lat' dir='ltr'>parte</span> <span class='ocrx_word' id='word_1_119' title='bbox 1218 1821 1352 1888; x_wconf 88' lang='lat' dir='ltr'>codices</span> <span class='ocrx_word' id='word_1_120' title='bbox 1387 1842 1472 1888; x_wconf 87' lang='lat' dir='ltr'>reoc.</span> 
     </span>
     <span class='ocr_line' id='line_1_16' title="bbox 235 1923 1473 2008; baseline 0.001 -21"><span class='ocrx_word' id='word_1_121' title='bbox 235 1937 354 1988; x_wconf 75' lang='lat' dir='ltr'>‘omues</span> <span class='ocrx_word' id='word_1_122' title='bbox 385 1945 532 1990; x_wconf 88' lang='lat' dir='ltr'>manasse</span> <span class='ocrx_word' id='word_1_123' title='bbox 564 1947 602 1990; x_wconf 88' lang='lat' dir='ltr'>ex</span> <span class='ocrx_word' id='word_1_124' title='bbox 633 1948 696 1993; x_wconf 92' lang='lat' dir='ltr'>uuo</span> <span class='ocrx_word' id='word_1_125' title='bbox 727 1925 902 2008; x_wconf 89' lang='lat' dir='ltr'>eodemque</span> <span class='ocrx_word' id='word_1_126' title='bbox 932 1923 1016 1989; x_wconf 90' lang='lat' dir='ltr'>libro</span> <span class='ocrx_word' id='word_1_127' title='bbox 1045 1945 1066 1988; x_wconf 90' lang='lat' dir='ltr'>a</span> <span class='ocrx_word' id='word_1_128' title='bbox 1092 1923 1239 1989; x_wconf 87' lang='lat' dir='ltr'>Mediceo</span> <span class='ocrx_word' id='word_1_129' title='bbox 1268 1924 1409 1991; x_wconf 89' lang='lat' dir='ltr'>diverso</span> <span class='ocrx_word' id='word_1_130' title='bbox 1438 1946 1473 1989; x_wconf 94' lang='grc' dir='ltr'>6ο</span> 
     </span>
     <span class='ocr_line' id='line_1_17' title="bbox 244 2026 1472 2111; baseline -0.001 -19"><span class='ocrx_word' id='word_1_131' title='bbox 244 2027 478 2092; x_wconf 84' lang='lat' dir='ltr'>demonstravit</span> <span class='ocrx_word' id='word_1_132' title='bbox 506 2027 665 2109; x_wconf 86' lang='lat' dir='ltr'>Sorofius,</span> <span class='ocrx_word' id='word_1_133' title='bbox 695 2028 783 2110; x_wconf 91' lang='lat' dir='ltr'>quod</span> <span class='ocrx_word' id='word_1_134' title='bbox 810 2028 938 2111; x_wconf 87' lang='lat' dir='ltr'>saepius</span> <span class='ocrx_word' id='word_1_135' title='bbox 966 2026 1097 2092; x_wconf 90' lang='lat' dir='ltr'>easdem</span> <span class='ocrx_word' id='word_1_136' title='bbox 1125 2027 1278 2092; x_wconf 85' lang='lat' dir='ltr'>exhibent</span> <span class='ocrx_word' id='word_1_137' title='bbox 1306 2029 1472 2094; x_wconf 90' lang='lat' dir='ltr'>lectiones</span> 
     </span>
     <span class='ocr_line' id='line_1_18' title="bbox 245 2128 1473 2215; baseline 0 -22"><span class='ocrx_word' id='word_1_138' title='bbox 245 2151 266 2193; x_wconf 90' lang='lat' dir='ltr'>a</span> <span class='ocrx_word' id='word_1_139' title='bbox 292 2130 361 2195; x_wconf 92' lang='lat' dir='ltr'>solo</span> <span class='ocrx_word' id='word_1_140' title='bbox 388 2129 458 2195; x_wconf 90' lang='lat' dir='ltr'>cod.</span> <span class='ocrx_word' id='word_1_141' title='bbox 486 2129 632 2195; x_wconf 89' lang='lat' dir='ltr'>Mediceo</span> <span class='ocrx_word' id='word_1_142' title='bbox 661 2129 889 2213; x_wconf 83' lang='lat' dir='ltr'>discrepantes.</span> <span class='ocrx_word' id='word_1_143' title='bbox 934 2128 1035 2195; x_wconf 88' lang='lat' dir='ltr'>Ouius</span> <span class='ocrx_word' id='word_1_144' title='bbox 1062 2130 1109 2194; x_wconf 91' lang='lat' dir='ltr'>rei</span> <span class='ocrx_word' id='word_1_145' title='bbox 1136 2130 1283 2215; x_wconf 89' lang='lat' dir='ltr'>exempla</span> <span class='ocrx_word' id='word_1_146' title='bbox 1304 2131 1473 2196; x_wconf 85' lang='lat' dir='ltr'>nonnulla</span> 
     </span>
     <span class='ocr_line' id='line_1_19' title="bbox 245 2232 1470 2318; baseline 0.001 -22"><span class='ocrx_word' id='word_1_147' title='bbox 245 2232 299 2297; x_wconf 92' lang='lat' dir='ltr'>ille</span> <span class='ocrx_word' id='word_1_148' title='bbox 315 2233 454 2316; x_wconf 85' lang='lat' dir='ltr'>collegit,</span> <span class='ocrx_word' id='word_1_149' title='bbox 476 2232 592 2316; x_wconf 91' lang='lat' dir='ltr'>quibus</span> <span class='ocrx_word' id='word_1_150' title='bbox 609 2232 702 2298; x_wconf 88' lang='lat' dir='ltr'>facile</span> <span class='ocrx_word' id='word_1_151' title='bbox 718 2239 767 2297; x_wconf 90' lang='lat' dir='ltr'>est</span> <span class='ocrx_word' id='word_1_152' title='bbox 789 2233 853 2297; x_wconf 89' lang='lat' dir='ltr'>alia</span> <span class='ocrx_word' id='word_1_153' title='bbox 875 2232 1005 2312; x_wconf 89' lang='lat' dir='ltr'>addere,</span> <span class='ocrx_word' id='word_1_154' title='bbox 1029 2232 1117 2297; x_wconf 86' lang='lat' dir='ltr'>velut</span> <span class='ocrx_word' id='word_1_155' title='bbox 1132 2233 1223 2298; x_wconf 88' lang='lat' dir='ltr'>Pers.</span> <span class='ocrx_word' id='word_1_156' title='bbox 1242 2239 1301 2298; x_wconf 84' lang='grc'>797</span> <span class='ocrx_word' id='word_1_157' title='bbox 1326 2236 1390 2299; x_wconf 93' lang='lat' dir='ltr'>ubi</span> <span class='ocrx_word' id='word_1_158' title='bbox 1410 2255 1470 2318; x_wconf 89' lang='lat' dir='ltr'>pro</span> 
     </span>
     <span class='ocr_line' id='line_1_20' title="bbox 246 2331 1470 2420; baseline 0.001 -22"><span class='ocrx_word' id='word_1_159' title='bbox 246 2331 390 2420; x_wconf 77' lang='grc' dir='ltr'>τρόποις,</span> <span class='ocrx_word' id='word_1_160' title='bbox 415 2335 502 2417; x_wconf 89' lang='lat' dir='ltr'>quod</span> <span class='ocrx_word' id='word_1_161' title='bbox 525 2342 573 2401; x_wconf 88' lang='lat' dir='ltr'>est</span> <span class='ocrx_word' id='word_1_162' title='bbox 594 2336 626 2400; x_wconf 93' lang='lat' dir='ltr'>in</span> <span class='ocrx_word' id='word_1_163' title='bbox 642 2333 797 2415; x_wconf 88' lang='lat' dir='ltr'>Mediceo,</span> <span class='ocrx_word' id='word_1_164' title='bbox 821 2336 919 2401; x_wconf 90' lang='lat' dir='ltr'>ceteri</span> <span class='ocrx_word' id='word_1_165' title='bbox 942 2356 1052 2400; x_wconf 84' lang='lat' dir='ltr'>omnes</span> <span class='ocrx_word' id='word_1_166' title='bbox 1074 2341 1161 2401; x_wconf 91' lang='lat' dir='ltr'>recte</span> <span class='ocrx_word' id='word_1_167' title='bbox 1184 2336 1305 2401; x_wconf 89' lang='lat' dir='ltr'>habent</span> <span class='ocrx_word' id='word_1_168' title='bbox 1329 2335 1470 2411; x_wconf 77' lang='grc' dir='ltr'>τόποις.</span> 
     </span>
    </p>
   </div>
   <div class='ocr_carea' id='block_1_2' title="bbox 246 2443 1468 3488">
    <p class='ocr_par' dir='ltr' id='par_1_5' title="bbox 246 2443 1468 2664">
     <span class='ocr_line' id='line_1_21' title="bbox 246 2443 1468 2561; baseline -0.001 -24"><span class='ocrx_word' id='word_1_169' title='bbox 246 2473 338 2538; x_wconf 84' lang='grc' dir='ltr'><strong>Ρ616.</strong></span> <span class='ocrx_word' id='word_1_170' title='bbox 372 2476 434 2538; x_wconf 86' lang='grc'>680</span> <span class='ocrx_word' id='word_1_171' title='bbox 468 2472 570 2538; x_wconf 86' lang='lat' dir='ltr'>Med:</span> <span class='ocrx_word' id='word_1_172' title='bbox 605 2443 753 2561; x_wconf 55' lang='lat' dir='ltr'>&amp;gepivr’</span> <span class='ocrx_word' id='word_1_173' title='bbox 786 2496 883 2540; x_wconf 79' lang='lat' dir='ltr'>rece:</span> <span class='ocrx_word' id='word_1_174' title='bbox 920 2467 1087 2561; x_wconf 75' lang='grc' dir='ltr'><em>ἕξέφθιντ’</em></span> <span class='ocrx_word' id='word_1_175' title='bbox 1121 2473 1230 2540; x_wconf 89' lang='lat' dir='ltr'>Prom.</span> <span class='ocrx_word' id='word_1_176' title='bbox 1264 2478 1328 2540; x_wconf 89' lang='grc'>471</span> <span class='ocrx_word' id='word_1_177' title='bbox 1361 2474 1468 2542; x_wconf 85' lang='grc' dir='ltr'><strong>Μ61.;</strong></span> 
     </span>
     <span class='ocr_line' id='line_1_22' title="bbox 247 2571 828 2664; baseline 0.003 -25"><span class='ocrx_word' id='word_1_178' title='bbox 247 2572 457 2662; x_wconf 78' lang='grc' dir='ltr'><em>σοφισμάτων</em></span> <span class='ocrx_word' id='word_1_179' title='bbox 477 2598 575 2642; x_wconf 79' lang='lat' dir='ltr'>rece:</span> <span class='ocrx_word' id='word_1_180' title='bbox 599 2571 730 2664; x_wconf 57' lang='grc' dir='ltr'><em>σόφισμ)</em></span> <span class='ocrx_word' id='word_1_181' title='bbox 754 2573 828 2664; x_wconf 76' lang='grc' dir='ltr'>ὅτῳ.</span> 
     </span>
    </p>

    <p class='ocr_par' dir='ltr' id='par_1_6' title="bbox 248 2675 1468 2967">
     <span class='ocr_line' id='line_1_23' title="bbox 332 2675 1468 2765; baseline -0.004 -21"><span class='ocrx_word' id='word_1_182' title='bbox 332 2678 460 2744; x_wconf 90' lang='lat' dir='ltr'>Deinde</span> <span class='ocrx_word' id='word_1_183' title='bbox 484 2679 588 2744; x_wconf 90' lang='lat' dir='ltr'>altera</span> <span class='ocrx_word' id='word_1_184' title='bbox 610 2679 711 2745; x_wconf 92' lang='lat' dir='ltr'>libelli</span> <span class='ocrx_word' id='word_1_185' title='bbox 732 2688 826 2765; x_wconf 85' lang='lat' dir='ltr'>parte</span> <span class='ocrx_word' id='word_1_186' title='bbox 849 2680 934 2744; x_wconf 93' lang='lat' dir='ltr'>hunc</span> <span class='ocrx_word' id='word_1_187' title='bbox 956 2675 1108 2762; x_wconf 88' lang='lat' dir='ltr'>codicem,</span> <span class='ocrx_word' id='word_1_188' title='bbox 1131 2701 1152 2744; x_wconf 90' lang='lat' dir='ltr'>a</span> <span class='ocrx_word' id='word_1_189' title='bbox 1174 2700 1238 2762; x_wconf 90' lang='lat' dir='ltr'>quo</span> <span class='ocrx_word' id='word_1_190' title='bbox 1253 2699 1335 2744; x_wconf 90' lang='grc'><strong>1666.</strong></span> <span class='ocrx_word' id='word_1_191' title='bbox 1353 2700 1468 2746; x_wconf 89' lang='lat' dir='ltr'>omnes</span> 
     </span>
     <span class='ocr_line' id='line_1_24' title="bbox 248 2780 1467 2866; baseline -0.002 -22"><span class='ocrx_word' id='word_1_192' title='bbox 248 2785 355 2845; x_wconf 90' lang='lat' dir='ltr'>essent</span> <span class='ocrx_word' id='word_1_193' title='bbox 386 2781 489 2864; x_wconf 90' lang='lat' dir='ltr'>ducti,</span> <span class='ocrx_word' id='word_1_194' title='bbox 521 2805 617 2866; x_wconf 91' lang='lat' dir='ltr'>quem</span> <span class='ocrx_word' id='word_1_195' title='bbox 646 2783 742 2849; x_wconf 88' lang='lat' dir='ltr'>litera</span> <span class='ocrx_word' id='word_1_196' title='bbox 774 2783 818 2849; x_wconf 91' lang='lat' dir='ltr'>A.</span> <span class='ocrx_word' id='word_1_197' title='bbox 849 2782 1002 2865; x_wconf 86' lang='lat' dir='ltr'>signavit,</span> <span class='ocrx_word' id='word_1_198' title='bbox 1038 2780 1080 2847; x_wconf 90' lang='lat' dir='ltr'>ab</span> <span class='ocrx_word' id='word_1_199' title='bbox 1114 2782 1184 2866; x_wconf 90' lang='lat' dir='ltr'>ipso</span> <span class='ocrx_word' id='word_1_200' title='bbox 1214 2781 1363 2849; x_wconf 90' lang='lat' dir='ltr'>Mediceo</span> <span class='ocrx_word' id='word_1_201' title='bbox 1398 2800 1467 2846; x_wconf 89' lang='lat' dir='ltr'>esse</span> 
     </span>
     <span class='ocr_line' id='line_1_25' title="bbox 248 2880 885 2967; baseline 0.005 -21"><span class='ocrx_word' id='word_1_202' title='bbox 248 2880 456 2967; x_wconf 88' lang='lat' dir='ltr'>descriptum,</span> <span class='ocrx_word' id='word_1_203' title='bbox 478 2885 649 2950; x_wconf 91' lang='lat' dir='ltr'>ostendere</span> <span class='ocrx_word' id='word_1_204' title='bbox 670 2893 804 2952; x_wconf 87' lang='lat' dir='ltr'>conatus</span> <span class='ocrx_word' id='word_1_205' title='bbox 827 2892 885 2950; x_wconf 87' lang='lat' dir='ltr'>est.</span> 
     </span>
    </p>

    <p class='ocr_par' dir='ltr' id='par_1_7' title="bbox 247 2985 1467 3488">
     <span class='ocr_line' id='line_1_26' title="bbox 332 2985 1467 3074; baseline 0.001 -25"><span class='ocrx_word' id='word_1_206' title='bbox 332 2985 406 3050; x_wconf 87' lang='lat' dir='ltr'>Iam</span> <span class='ocrx_word' id='word_1_207' title='bbox 433 3009 508 3053; x_wconf 87' lang='lat' dir='ltr'>vero</span> <span class='ocrx_word' id='word_1_208' title='bbox 536 2989 594 3054; x_wconf 88' lang='lat' dir='ltr'>illa</span> <span class='ocrx_word' id='word_1_209' title='bbox 620 2996 824 3074; x_wconf 88' lang='lat' dir='ltr'>argumenta,</span> <span class='ocrx_word' id='word_1_210' title='bbox 854 2987 971 3071; x_wconf 90' lang='lat' dir='ltr'>quibus</span> <span class='ocrx_word' id='word_1_211' title='bbox 999 2987 1145 3071; x_wconf 91' lang='lat' dir='ltr'>inprimis</span> <span class='ocrx_word' id='word_1_212' title='bbox 1173 2987 1323 3052; x_wconf 92' lang='lat' dir='ltr'>innititur</span> <span class='ocrx_word' id='word_1_213' title='bbox 1345 2985 1467 3055; x_wconf 86' lang='lat' dir='ltr'>Sorofii</span> 
     </span>
     <span class='ocr_line' id='line_1_27' title="bbox 247 3087 1467 3175; baseline 0.002 -23"><span class='ocrx_word' id='word_1_214' title='bbox 247 3087 357 3171; x_wconf 91' lang='lat' dir='ltr'>opinio</span> <span class='ocrx_word' id='word_1_215' title='bbox 379 3092 597 3157; x_wconf 87' lang='lat' dir='ltr'>examinemus</span> <span class='ocrx_word' id='word_1_216' title='bbox 620 3114 750 3159; x_wconf 86' lang='lat' dir='ltr'>necesse</span> <span class='ocrx_word' id='word_1_217' title='bbox 764 3099 822 3157; x_wconf 90' lang='lat' dir='ltr'>est.</span> <span class='ocrx_word' id='word_1_218' title='bbox 867 3089 957 3154; x_wconf 91' lang='lat' dir='ltr'>Dicit</span> <span class='ocrx_word' id='word_1_219' title='bbox 975 3089 1030 3156; x_wconf 90' lang='lat' dir='ltr'>ille</span> <span class='ocrx_word' id='word_1_220' title='bbox 1045 3090 1176 3175; x_wconf 90' lang='lat' dir='ltr'>quidem</span> <span class='ocrx_word' id='word_1_221' title='bbox 1190 3114 1221 3175; x_wconf 93' lang='lat' dir='ltr'>p.</span> <span class='ocrx_word' id='word_1_222' title='bbox 1239 3096 1274 3155; x_wconf 83' lang='lat'>6:</span> <span class='ocrx_word' id='word_1_223' title='bbox 1299 3092 1467 3172; x_wconf 91' lang='lat' dir='ltr'>„codicem</span> 
     </span>
     <span class='ocr_line' id='line_1_28' title="bbox 247 3190 1466 3278; baseline -0.001 -22"><span class='ocrx_word' id='word_1_224' title='bbox 247 3190 291 3256; x_wconf 86' lang='lat' dir='ltr'>A.</span> <span class='ocrx_word' id='word_1_225' title='bbox 308 3212 326 3256; x_wconf 93' lang='lat' dir='ltr'>e</span> <span class='ocrx_word' id='word_1_226' title='bbox 341 3191 441 3257; x_wconf 88' lang='lat' dir='ltr'>Laur.</span> <span class='ocrx_word' id='word_1_227' title='bbox 465 3194 644 3261; x_wconf 87' lang='lat' dir='ltr'>derivatum</span> <span class='ocrx_word' id='word_1_228' title='bbox 667 3217 745 3275; x_wconf 90' lang='lat' dir='ltr'>esse,</span> <span class='ocrx_word' id='word_1_229' title='bbox 769 3217 807 3260; x_wconf 92' lang='grc' dir='ltr'>6ο</span> <span class='ocrx_word' id='word_1_230' title='bbox 822 3193 962 3278; x_wconf 87' lang='lat' dir='ltr'>probari,</span> <span class='ocrx_word' id='word_1_231' title='bbox 987 3193 1074 3277; x_wconf 91' lang='lat' dir='ltr'>quod</span> <span class='ocrx_word' id='word_1_232' title='bbox 1090 3215 1320 3278; x_wconf 87' lang='lat' dir='ltr'>nonnunquam</span> <span class='ocrx_word' id='word_1_233' title='bbox 1337 3214 1466 3262; x_wconf 90' lang='lat' dir='ltr'>errores</span> 
     </span>
     <span class='ocr_line' id='line_1_29' title="bbox 249 3293 1466 3378; baseline -0.002 -19"><span class='ocrx_word' id='word_1_234' title='bbox 249 3315 270 3359; x_wconf 86' lang='lat' dir='ltr'>a</span> <span class='ocrx_word' id='word_1_235' title='bbox 290 3295 424 3362; x_wconf 88' lang='lat' dir='ltr'>librario</span> <span class='ocrx_word' id='word_1_236' title='bbox 446 3297 564 3364; x_wconf 90' lang='lat' dir='ltr'>codicis</span> <span class='ocrx_word' id='word_1_237' title='bbox 580 3299 679 3364; x_wconf 89' lang='lat' dir='ltr'>Laur.</span> <span class='ocrx_word' id='word_1_238' title='bbox 696 3297 838 3378; x_wconf 89' lang='lat' dir='ltr'>admissi,</span> <span class='ocrx_word' id='word_1_239' title='bbox 861 3297 894 3361; x_wconf 94' lang='lat' dir='ltr'>in</span> <span class='ocrx_word' id='word_1_240' title='bbox 917 3297 1150 3364; x_wconf 86' lang='lat' dir='ltr'>recentioribus</span> <span class='ocrx_word' id='word_1_241' title='bbox 1165 3296 1329 3361; x_wconf 86' lang='lat' dir='ltr'>codicibus</span> <span class='ocrx_word' id='word_1_242' title='bbox 1344 3293 1466 3363; x_wconf 89' lang='lat' dir='ltr'>retenti</span> 
     </span>
     <span class='ocr_line' id='line_1_30' title="bbox 254 3400 1465 3488; baseline -0.001 -24"><span class='ocrx_word' id='word_1_243' title='bbox 254 3403 353 3483; x_wconf 89' lang='lat' dir='ltr'>atque</span> <span class='ocrx_word' id='word_1_244' title='bbox 376 3403 475 3467; x_wconf 89' lang='lat' dir='ltr'>etiam</span> <span class='ocrx_word' id='word_1_245' title='bbox 497 3402 583 3466; x_wconf 87' lang='lat' dir='ltr'>aucti</span> <span class='ocrx_word' id='word_1_246' title='bbox 605 3403 698 3466; x_wconf 87' lang='lat' dir='ltr'>sint.“</span> <span class='ocrx_word' id='word_1_247' title='bbox 744 3401 809 3468; x_wconf 87' lang='lat' dir='ltr'>Sed</span> <span class='ocrx_word' id='word_1_248' title='bbox 835 3401 868 3465; x_wconf 92' lang='lat' dir='ltr'>in</span> <span class='ocrx_word' id='word_1_249' title='bbox 890 3400 961 3484; x_wconf 91' lang='lat' dir='ltr'>ipsa</span> <span class='ocrx_word' id='word_1_250' title='bbox 983 3401 1142 3486; x_wconf 87' lang='lat' dir='ltr'>exempla,</span> <span class='ocrx_word' id='word_1_251' title='bbox 1170 3401 1286 3488; x_wconf 91' lang='lat' dir='ltr'>quibus</span> <span class='ocrx_word' id='word_1_252' title='bbox 1308 3401 1390 3467; x_wconf 87' lang='grc'><strong>11666</strong></span> <span class='ocrx_word' id='word_1_253' title='bbox 1414 3422 1465 3465; x_wconf 84' lang='lat' dir='ltr'>ex·</span> 
     </span>
    </p>
   </div>
   <div class='ocr_carea' id='block_1_3' title="bbox 249 3503 988 3674">
    <p class='ocr_par' dir='ltr' id='par_1_8' title="bbox 249 3503 988 3674">
     <span class='ocr_line' id='line_1_31' title="bbox 249 3503 988 3588; baseline 0 -20"><span class='ocrx_word' id='word_1_254' title='bbox 249 3504 383 3587; x_wconf 87' lang='lat' dir='ltr'>planare</span> <span class='ocrx_word' id='word_1_255' title='bbox 405 3505 474 3570; x_wconf 82' lang='lat' dir='ltr'>vult</span> <span class='ocrx_word' id='word_1_256' title='bbox 496 3503 650 3585; x_wconf 87' lang='lat' dir='ltr'>Sorofius,</span> <span class='ocrx_word' id='word_1_257' title='bbox 675 3509 722 3569; x_wconf 90' lang='lat' dir='ltr'>est</span> <span class='ocrx_word' id='word_1_258' title='bbox 744 3504 988 3588; x_wconf 89' lang='lat' dir='ltr'>inquirendum:</span> 
     </span>
     <span class='ocr_line' id='line_1_32' title="bbox 336 3605 815 3674; baseline -0.004 -2"><span class='ocrx_word' id='word_1_259' title='bbox 336 3605 445 3674; x_wconf 90' lang='lat' dir='ltr'>Pers.</span> <span class='ocrx_word' id='word_1_260' title='bbox 467 3612 539 3674; x_wconf 83' lang='lat'>475</span> <span class='ocrx_word' id='word_1_261' title='bbox 563 3607 584 3672; x_wconf 88' lang='lat' dir='ltr'>f.</span> <span class='ocrx_word' id='word_1_262' title='bbox 608 3606 707 3674; x_wconf 85' lang='lat' dir='ltr'>habet</span> <span class='ocrx_word' id='word_1_263' title='bbox 728 3607 815 3673; x_wconf 88' lang='lat' dir='ltr'>Med.</span> 
     </span>
    </p>
   </div>
   <div class='ocr_carea' id='block_1_4' title="bbox 494 3739 1264 3936">
    <p class='ocr_par' dir='ltr' id='par_1_9' title="bbox 494 3739 1264 3936">
     <span class='ocr_line' id='line_1_33' title="bbox 494 3739 1190 3830; baseline -0.009 -18"><span class='ocrx_word' id='word_1_264' title='bbox 494 3749 580 3812; x_wconf 82' lang='grc' dir='ltr'><em>ναῶν</em></span> <span class='ocrx_word' id='word_1_265' title='bbox 602 3743 637 3811; x_wconf 82' lang='grc' dir='ltr'>δὲ</span> <span class='ocrx_word' id='word_1_266' title='bbox 659 3742 753 3830; x_wconf 78' lang='grc' dir='ltr'><em>ταγοὶ</em></span> <span class='ocrx_word' id='word_1_267' title='bbox 774 3747 839 3810; x_wconf 79' lang='grc' dir='ltr'>τῶν</span> <span class='ocrx_word' id='word_1_268' title='bbox 861 3740 1069 3826; x_wconf 64' lang='grc' dir='ltr'><em>λτλειμμένων</em></span> <span class='ocrx_word' id='word_1_269' title='bbox 1091 3739 1190 3830; x_wconf 79' lang='grc' dir='ltr'><em>σύδην</em></span> 
     </span>
     <span class='ocr_line' id='line_1_34' title="bbox 497 3838 1264 3936; baseline -0.009 -20"><span class='ocrx_word' id='word_1_270' title='bbox 497 3843 571 3916; x_wconf 83' lang='grc' dir='ltr'><em>κατ’</em></span> <span class='ocrx_word' id='word_1_271' title='bbox 596 3838 687 3936; x_wconf 80' lang='grc' dir='ltr'><em>οὖρον</em></span> <span class='ocrx_word' id='word_1_272' title='bbox 709 3842 767 3913; x_wconf 81' lang='grc' dir='ltr'>οὐκ</span> <span class='ocrx_word' id='word_1_273' title='bbox 789 3842 944 3930; x_wconf 69' lang='grc' dir='ltr'><em>εὔκοσμον</em></span> <span class='ocrx_word' id='word_1_274' title='bbox 965 3841 1130 3934; x_wconf 77' lang='grc' dir='ltr'><em>αἱροῦνται</em></span> <span class='ocrx_word' id='word_1_275' title='bbox 1153 3843 1264 3932; x_wconf 73' lang='grc' dir='ltr'>φυγήν.</span> 
     </span>
    </p>
   </div>
   <div class='ocr_carea' id='block_1_5' title="bbox 252 3982 1466 4587">
    <p class='ocr_par' dir='ltr' id='par_1_10' title="bbox 252 3982 1466 4587">
     <span class='ocr_line' id='line_1_35' title="bbox 252 3982 1463 4074; baseline -0.006 -22"><span class='ocrx_word' id='word_1_276' title='bbox 252 4010 361 4054; x_wconf 88' lang='lat' dir='ltr'>veram</span> <span class='ocrx_word' id='word_1_277' title='bbox 388 3988 560 4054; x_wconf 88' lang='lat' dir='ltr'>lectionem</span> <span class='ocrx_word' id='word_1_278' title='bbox 589 3982 734 4074; x_wconf 77' lang='grc' dir='ltr'><em>αἴρονται</em></span> <span class='ocrx_word' id='word_1_279' title='bbox 762 3988 904 4053; x_wconf 90' lang='lat' dir='ltr'>restituit</span> <span class='ocrx_word' id='word_1_280' title='bbox 925 3987 1115 4065; x_wconf 79' lang='lat' dir='ltr'>Elmsleius,</span> <span class='ocrx_word' id='word_1_281' title='bbox 1144 3985 1340 4069; x_wconf 89' lang='lat' dir='ltr'>interpolata</span> <span class='ocrx_word' id='word_1_282' title='bbox 1361 3990 1411 4050; x_wconf 89' lang='lat' dir='ltr'>est</span> <span class='ocrx_word' id='word_1_283' title='bbox 1432 3984 1463 4046; x_wconf 92' lang='lat' dir='ltr'>in</span> 
     </span>
     <span class='ocr_line' id='line_1_36' title="bbox 253 4082 1466 4177; baseline -0.006 -21"><span class='ocrx_word' id='word_1_284' title='bbox 253 4091 400 4156; x_wconf 91' lang='lat' dir='ltr'>omnibus</span> <span class='ocrx_word' id='word_1_285' title='bbox 427 4091 591 4157; x_wconf 89' lang='lat' dir='ltr'>codicibus</span> <span class='ocrx_word' id='word_1_286' title='bbox 617 4111 699 4158; x_wconf 90' lang='grc'><strong>1666.</strong></span> <span class='ocrx_word' id='word_1_287' title='bbox 728 4085 902 4177; x_wconf 73' lang='grc' dir='ltr'><em>αἱροῦνται.</em></span> <span class='ocrx_word' id='word_1_288' title='bbox 947 4089 1013 4156; x_wconf 89' lang='lat' dir='ltr'>Sed</span> <span class='ocrx_word' id='word_1_289' title='bbox 1040 4087 1126 4172; x_wconf 90' lang='lat' dir='ltr'>quod</span> <span class='ocrx_word' id='word_1_290' title='bbox 1154 4082 1376 4152; x_wconf 81' lang='lat' dir='ltr'>demonstrare</span> <span class='ocrx_word' id='word_1_291' title='bbox 1397 4085 1466 4151; x_wconf 85' lang='lat' dir='ltr'>vult</span> 
     </span>
     <span class='ocr_line' id='line_1_37' title="bbox 253 4191 1462 4276; baseline -0.006 -16"><span class='ocrx_word' id='word_1_292' title='bbox 253 4193 408 4276; x_wconf 87' lang='lat' dir='ltr'>Sorofius,</span> <span class='ocrx_word' id='word_1_293' title='bbox 433 4193 574 4259; x_wconf 87' lang='lat' dir='ltr'>codicem</span> <span class='ocrx_word' id='word_1_294' title='bbox 596 4195 639 4259; x_wconf 87' lang='lat' dir='ltr'>A.</span> <span class='ocrx_word' id='word_1_295' title='bbox 663 4217 703 4260; x_wconf 88' lang='lat' dir='ltr'>ex</span> <span class='ocrx_word' id='word_1_296' title='bbox 724 4194 871 4260; x_wconf 88' lang='lat' dir='ltr'>Mediceo</span> <span class='ocrx_word' id='word_1_297' title='bbox 893 4213 962 4258; x_wconf 89' lang='lat' dir='ltr'>esse</span> <span class='ocrx_word' id='word_1_298' title='bbox 983 4191 1198 4274; x_wconf 89' lang='lat' dir='ltr'>descriptum,</span> <span class='ocrx_word' id='word_1_299' title='bbox 1225 4191 1379 4255; x_wconf 87' lang='lat' dir='ltr'>hocloco</span> <span class='ocrx_word' id='word_1_300' title='bbox 1402 4209 1462 4254; x_wconf 88' lang='lat' dir='ltr'>noo</span> 
     </span>
     <span class='ocr_line' id='line_1_38' title="bbox 253 4291 1463 4381; baseline -0.005 -20"><span class='ocrx_word' id='word_1_301' title='bbox 253 4297 420 4381; x_wconf 87' lang='lat' dir='ltr'>probatur.</span> <span class='ocrx_word' id='word_1_302' title='bbox 448 4295 540 4360; x_wconf 91' lang='lat' dir='ltr'>Nihil</span> <span class='ocrx_word' id='word_1_303' title='bbox 556 4297 644 4362; x_wconf 88' lang='lat' dir='ltr'>aliud</span> <span class='ocrx_word' id='word_1_304' title='bbox 658 4298 743 4362; x_wconf 89' lang='lat' dir='ltr'>enim</span> <span class='ocrx_word' id='word_1_305' title='bbox 758 4298 916 4363; x_wconf 90' lang='lat' dir='ltr'>coniicere</span> <span class='ocrx_word' id='word_1_306' title='bbox 930 4297 1016 4376; x_wconf 87' lang='lat' dir='ltr'>licet,</span> <span class='ocrx_word' id='word_1_307' title='bbox 1041 4313 1139 4378; x_wconf 90' lang='lat' dir='ltr'>quam</span> <span class='ocrx_word' id='word_1_308' title='bbox 1158 4294 1325 4375; x_wconf 88' lang='lat' dir='ltr'>utriusque</span> <span class='ocrx_word' id='word_1_309' title='bbox 1348 4291 1463 4357; x_wconf 88' lang='lat' dir='ltr'>codicis</span> 
     </span>
     <span class='ocr_line' id='line_1_39' title="bbox 254 4391 1463 4486; baseline -0.007 -22"><span class='ocrx_word' id='word_1_310' title='bbox 254 4398 421 4465; x_wconf 84' lang='lat' dir='ltr'>librarium</span> <span class='ocrx_word' id='word_1_311' title='bbox 436 4397 552 4481; x_wconf 85' lang='lat' dir='ltr'>legisse</span> <span class='ocrx_word' id='word_1_312' title='bbox 568 4401 600 4466; x_wconf 91' lang='lat' dir='ltr'>in</span> <span class='ocrx_word' id='word_1_313' title='bbox 619 4414 675 4465; x_wconf 85' lang='lat' dir='ltr'>suo</span> <span class='ocrx_word' id='word_1_314' title='bbox 690 4399 774 4465; x_wconf 91' lang='lat' dir='ltr'>libro</span> <span class='ocrx_word' id='word_1_315' title='bbox 791 4395 955 4486; x_wconf 81' lang='grc' dir='ltr'><em>αἱροῦνται</em></span> <span class='ocrx_word' id='word_1_316' title='bbox 970 4420 1029 4484; x_wconf 91' lang='lat' dir='ltr'>pro</span> <span class='ocrx_word' id='word_1_317' title='bbox 1046 4391 1206 4484; x_wconf 72' lang='grc' dir='ltr'><em>αἴρονταις</em></span> <span class='ocrx_word' id='word_1_318' title='bbox 1223 4395 1279 4460; x_wconf 91' lang='grc'>661</span> <span class='ocrx_word' id='word_1_319' title='bbox 1294 4394 1422 4478; x_wconf 91' lang='lat' dir='ltr'>quando</span> <span class='ocrx_word' id='word_1_320' title='bbox 1434 4397 1463 4458; x_wconf 90' lang='lat' dir='ltr'>et</span> 
     </span>
     <span class='ocr_line' id='line_1_40' title="bbox 256 4498 1462 4587; baseline -0.003 -21"><span class='ocrx_word' id='word_1_321' title='bbox 256 4523 320 4586; x_wconf 89' lang='lat' dir='ltr'>quo</span> <span class='ocrx_word' id='word_1_322' title='bbox 334 4507 464 4566; x_wconf 89' lang='lat' dir='ltr'>auctore</span> <span class='ocrx_word' id='word_1_323' title='bbox 480 4499 561 4567; x_wconf 87' lang='lat' dir='ltr'>baec</span> <span class='ocrx_word' id='word_1_324' title='bbox 583 4504 767 4587; x_wconf 87' lang='lat' dir='ltr'>corruptela</span> <span class='ocrx_word' id='word_1_325' title='bbox 789 4509 862 4569; x_wconf 89' lang='lat' dir='ltr'>orta</span> <span class='ocrx_word' id='word_1_326' title='bbox 883 4503 935 4584; x_wconf 90' lang='lat' dir='ltr'>sit,</span> <span class='ocrx_word' id='word_1_327' title='bbox 958 4524 1023 4568; x_wconf 92' lang='grc'>161</span> <span class='ocrx_word' id='word_1_328' title='bbox 1045 4504 1185 4567; x_wconf 87' lang='lat' dir='ltr'>constat:</span> <span class='ocrx_word' id='word_1_329' title='bbox 1214 4503 1332 4584; x_wconf 87' lang='lat' dir='ltr'>posset,</span> <span class='ocrx_word' id='word_1_330' title='bbox 1355 4498 1462 4562; x_wconf 90' lang='lat' dir='ltr'>sinon</span> 
     </span>
    </p>
   </div>
   <div class='ocr_carea' id='block_1_6' title="bbox 0 0 1585 4996">
    <p class='ocr_par' dir='ltr' id='par_1_11' title="bbox 0 0 1585 4996">
     <span class='ocr_line' id='line_1_41' title="bbox 0 0 1585 4996; baseline 0 0"><span class='ocrx_word' id='word_1_331' title='bbox 0 0 1585 4996; x_wconf 95' lang='lat' dir='ltr'> </span> 
     </span>
    </p>
   </div>
  </div>
 </body>
</html>
