3134 4998
805 318 825 383 6

254 516 321 580 tarn
345 513 508 599 perspicua
530 535 702 600 eorumque
725 535 806 597 quae
830 515 1002 579 narrantur
1025 514 1119 580 nexui
1147 512 1295 580 itabens
1318 536 1368 580 re·

254 621 398 708 spondet,
430 624 468 686 ut
499 643 564 686 non
596 620 646 700 sit,
679 641 735 686 cur
767 621 965 686 difficultatis
992 621 1140 688 metricae
1162 621 1369 687 removendae

255 751 357 809 cause,
384 729 480 794 siest
502 728 672 794 difficultas
694 728 728 794 in
751 727 949 807 Prometheo,
983 729 1170 795 coniecturis
1193 728 1296 794 allatis
1318 751 1368 794 se·

255 859 330 902 nam
353 836 538 902 memoriam
560 835 780 920 perturbemus
810 835 844 902 11
877 858 913 901 03
937 835 1056 916 fabula,
1089 859 1169 921 quae
1191 837 1369 921 saepissime

255 943 296 1010 ab
326 945 383 1011 illa
414 945 603 1029 antiquioris
626 944 775 1029 Aeschyli
806 944 989 1031 tragoediae
1022 943 1188 1031 diligentia
1220 945 1367 1011 discedat.

255 1052 303 1120 De
326 1053 511 1119 coniecturis
532 1051 608 1137 ipsis
629 1051 701 1116 vide
723 1050 898 1118 Hermann.
923 1051 1046 1120 adnott.
1080 1051 1121 1118 311
1153 1053 1237 1120 hunc
1264 1053 1369 1118 locum

254 1160 365 1239 100130,
390 1159 542 1226 Saelinslri
564 1160 586 1224 l.
609 1159 631 1224 l.
655 1181 685 1242 p.
709 1158 761 1239 25,
786 1157 976 1225 Hemaoheri
1000 1159 1038 1225 de
1061 1162 1231 1244 anapaesto
1253 1160 1287 1224 in
1310 1160 1369 1225 tri·

255 1267 363 1332 metris
386 1266 533 1351 Aeschyli
556 1266 782 1350 quaestionem,
812 1266 948 1352 August.
972 1266 1108 1346 1110101,
1132 1290 1163 1351 p.
1191 1269 1241 1333 18.
1288 1265 1369 1332 Sub·

254 1375 352 1439 iectus
372 1375 473 1460 igitur
495 1379 542 1440 est
564 1374 662 1438 oculis
683 1374 839 1457 scriptura
862 1373 1004 1440 codicum
1027 1376 1150 1440 servate
1174 1396 1290 1454 versus,
1314 1374 1369 1457 qui

255 1484 288 1546 01
310 1480 393 1566 apud
409 1480 601 1564 Aeschylum
623 1485 656 1545 et
678 1478 763 1564 apud
778 1479 966 1564 Sophoclem
989 1481 1100 1547 unicus
1122 1484 1234 1548 exstat.
1276 1481 1369 1546 Euri-

255 1587 343 1672 pides
366 1587 459 1666 enim,
492 1587 526 1651 in
549 1587 638 1653 euius
661 1586 776 1651 fabulis
798 1588 927 1653 omnino
958 1589 1060 1654 maior
1090 1589 1230 1655 cernitur
1261 1589 1369 1674 negle·
1416 1631 1418 1636 -

256 1697 374 1778 gentis,
406 1696 528 1779 primus
559 1694 618 1760 1011
649 1694 882 1760 tribrachorum
915 1697 986 1763 usui
1008 1697 1149 1776 indulsit,
1181 1695 1274 1762 utin
1296 1697 1367 1782 lph.

254 1803 349 1869 Taur.
367 1803 459 1870 1371.
483 1799 557 1868 ὥστε
579 1801 724 1874 ξυνάπτειν
736 1805 789 1866 οιαὶ
803 1814 1018 1890 συναποκαμεῖν
1032 1805 1118 1891 μέλη,
1142 1802 1256 1870 Bacch.
1275 1805 1369 1873 1275.

254 1915 298 1983 τίς
320 1905 371 1976 οὖν
392 1907 423 1974 ἐν
445 1907 536 1982 οἴκοις
558 1919 627 1982 παῖς
650 1907 760 1990 ἐγένετο
784 1922 827 1994 σῷ
852 1916 943 1978 πόσει.
989 1909 1086 1975 Ρ1110
1113 1911 1256 1995 exempla
1283 1933 1369 1976 com·

256 2017 363 2101 posuit
385 2014 498 2080 Christ.
521 2019 580 2082 art
602 2018 694 2083 11011.
718 2016 911 2082 Graecorum
933 2023 965 2083 01
988 2019 1214 2096 Romanorum,
1239 2041 1268 2102 p.
1293 2019 1367 2098 343,

256 2124 311 2208 qui
333 2127 439 2188 temen
462 2121 595 2187 Porsoni
618 2122 832 2188 coniecturam
854 2119 1053 2210 ὑπερσχόντας
1076 2125 1172 2208 recipi
1194 2124 1292 2190 iubet.

322 2229 443 2308 Restat,
466 2233 504 2296 ut
526 2228 565 2293 de
587 2229 717 2313 quinti
740 2230 827 2313 pedis
849 2232 1007 2297 solutione
1028 2231 1176 2311 dicamus,
1200 2254 1282 2316 quae
1305 2255 1370 2298 una

256 2340 303 2404 est
332 2360 362 2404 v.
386 2337 437 2404 52.
469 2332 575 2403 odacar
597 2335 698 2409 ἐπείξει
727 2337 801 2422 τῷδε
833 2339 927 2424 δεσμὰ
957 2340 1127 2423 περιβαλεῖν.
1174 2339 1368 2424 1110110100,

256 2445 344 2510 cuius
365 2443 462 2509 thesis
489 2466 527 2508 ex
555 2444 789 2528 praepositione
822 2447 954 2524 constat,
986 2468 1064 2510 num
1087 2445 1127 2510 ab
1149 2446 1307 2530 Aeschylo
1329 2447 1371 2511 011

256 2551 427 2637 proiectae,
451 2573 643 2637 magnopere
665 2553 772 2635 potest
794 2551 942 2630 dubitari,
971 2574 1042 2617 cum
1065 2556 1208 2638 exempla
1229 2553 1306 2619 huic
1327 2555 1370 2618 si·

256 2659 345 2723 milia
375 2657 459 2741 apud
492 2656 683 2740 Aeschylum
715 2660 747 2721 et
779 2657 968 2741 Sophoclem
1004 2661 1093 2724 nulla
1129 2661 1202 2726 sint.
1257 2660 1369 2744 Neque

257 2765 340 2830 enim
363 2763 425 2829 hue
447 2764 557 2829 referri
584 2764 657 2827 lieet
679 2763 763 2831 Pers.
787 2763 862 2832 501.
885 2769 1007 2849 στρατὸς
1029 2779 1103 2852 περᾷ
1125 2769 1371 2854 κῳοτοιλλοιιῆγα

256 2873 304 2936 διὰ
316 2876 414 2956 πόρον,
438 2871 493 2954 qui
508 2881 613 2934 versus
630 2869 707 2935 aliae
730 2871 771 2935 ob
787 2871 990 2938 difficultates
1008 2874 1107 2939 doctis
1120 2875 1188 2939 iure
1203 2878 1370 2958 corruptus

256 2978 410 3044 videatur.
461 2977 557 3042 Recte
579 2977 678 3062 igitur
705 2977 891 3062 Rumpelius
917 2979 1032 3048 Philol.
1060 2981 1159 3060 XXV,
1192 3004 1223 3065 p.
1248 2981 1299 3047 57.
1332 2981 1369 3045 de

257 3084 414 3168 Aeschylo
436 3087 469 3150 01
491 3083 647 3168 Sophocle
670 3084 762 3149 dicit:
796 3084 876 3149 Dass
898 3086 1023 3152 endlioh
1045 3088 1089 3152 im
1112 3087 1142 3153 5.
1167 3087 1192 3152 F
1195 3109 1276 3166 usse,
1310 3087 1369 3152 wie

257 3191 307 3257 hei
329 3191 504 3274 Euripides,
528 3192 752 3277 voraugsweise
774 3191 1016 3276 Priipositionen
1041 3195 1100 3260 den
1123 3195 1253 3260 aweiten
1277 3195 1369 3260 'I'heil

256 3297 372 3375 bilder,
395 3298 473 3362 11001
494 3297 560 3362 sich
584 3298 671 3364 nicht
689 3300 896 3379 nachweisen‚
920 3300 1072 3366 vielmehr
1086 3302 1192 3367 finden
1205 3303 1272 3368 sich
1286 3303 1368 3368 diese

257 3406 331 3470 eher
352 3405 388 3469 in
410 3404 470 3468 den
494 3404 631 3469 anderen
655 3404 783 3484 Ftssen,
807 3408 1001 3472 namentlich
1025 3408 1075 3474 bei
1098 3408 1282 3492 Sophokles.
1320 3408 1367 3474 De

257 3510 408 3596 Euripide
421 3511 571 3576 iudicium
585 3512 748 3576 lemanno
763 3517 837 3578 ante
852 3518 1019 3598 aperuerat
1034 3514 1116 3579 idem
1129 3514 1243 3580 Philol.
1250 3514 1366 3594 XXIV,

257 3640 288 3701 p.
314 3619 386 3698 411,
410 3617 463 3682 ubi
485 3621 625 3683 sescenta
653 3619 796 3703 exempla
823 3619 897 3684 huic
925 3619 1113 3686 Prometheo
1144 3622 1258 3685 similia
1290 3644 1368 3686 enu-

257 3725 398 3804 meravit,
413 3728 449 3788 ut
463 3723 577 3792 Bacch.
592 3725 666 3792 322.
681 3723 810 3813 010101
827 3722 878 3792 οὖν
892 3731 944 3792 acl
956 3725 1093 3814 Κάδμος,
1117 3729 1149 3793 ὃν
1167 3730 1202 3792 ot
1220 3729 1364 3812 διαγελᾷς.

385 3917 414 3983 1.
442 3918 642 4004 heraclyus,
665 3919 713 4002 oui
736 3935 773 3986 011
796 3920 936 4004 spondete
959 3921 1066 3988 solutis
1088 3922 1239 3989 creantur.

322 4043 361 4109 In
383 4045 504 4127 primo
521 4043 601 4128 pede
619 4056 736 4131 χορεῖος
755 4044 866 4127 ἄλογος
887 4044 1057 4134 ἰοιμβοειδής
1072 4048 1127 4131 qui
1143 4047 1259 4114 dicitur
1271 4049 1366 4115 semel

256 4151 408 4216 admissus
430 4155 477 4215 est
502 4151 605 4216 tribus
635 4150 791 4235 prioribus
822 4154 958 4218 nominis
987 4155 1109 4238 proprii
1140 4156 1268 4240 syllabis
1300 4156 1366 4223 for-

257 4260 361 4322 matus
382 4258 417 4322 in
438 4280 469 4321 v.
487 4259 558 4324 730.
581 4255 769 4345 Κιμμερικὸν,
793 4261 848 4344 qui
871 4260 1022 4346 dactylus,
1047 4263 1189 4345 quamvis
1212 4287 1231 4327 0
1254 4263 1364 4348 ρο0110,

182 4439 186 4446 .
256 4368 295 4431 ut
310 4385 414 4430 versas
434 4364 562 4430 initium
579 4387 744 4430 numerere
757 4368 916 4451 procedat,
936 4367 1103 4454 diligenter
1117 4369 1243 4448 vitetur,
1257 4373 1365 4435 tamen
