3134 4998
828 287 873 352 44

294 507 360 550 non
391 493 594 568 summopere
622 482 813 570 defatigatos
845 505 908 548 esse
935 483 995 548 hac
1018 486 1122 549 aetate
1146 505 1202 548 nos
1224 482 1409 568 intellegere

295 611 495 676 nequeamus,
528 590 662 657 Nullum
683 591 782 677 igitur
796 588 917 655 factum
940 611 1004 656 esse
1027 590 1168 656 videmus
1191 591 1294 654 locum
1318 589 1408 674 prin·

293 701 409 783 oipem,
446 721 538 783 quem
572 697 746 779 Aeschylus
782 697 914 762 choricis
949 702 1160 776 concesserat,
1194 719 1276 782 quae
1312 699 1409 780 caput

294 828 357 872 esse
382 806 481 870 soluit
503 809 534 870 et
557 805 730 883 cardinem,
763 805 881 869 circum
904 826 998 888 quem
1021 805 1128 870 omnia
1165 803 1287 887 reliqua
1319 803 1409 886 qussi

294 911 459 978 mobiliora
496 915 526 977 et
567 912 686 976 leviora
723 914 991 978 converterentur.
1051 911 1162 996 Neque
1197 912 1312 975 mirum
1350 913 1407 991 est,

293 1020 380 1104 quod
416 1041 487 1085 cum
523 1018 672 1086 chorioon
709 1018 882 1104 exiguitate
920 1019 1060 1085 tenuitas
1096 1023 1129 1083 et
1160 1019 1283 1084 exilitas
1314 1039 1408 1104 argu-

293 1127 393 1193 menti
429 1127 621 1212 congruunt.
668 1125 903 1191 Meminerimus
938 1126 1031 1190 velim
1064 1126 1163 1203 illius,
1201 1147 1264 1208 quo
1296 1147 1409 1191 norma

293 1233 422 1298 moralis
474 1232 613 1318 coniugii
667 1231 797 1297 ineundi
853 1231 1068 1316 praedicatur,
1128 1231 1289 1310 carminis,
1344 1253 1408 1316 quo

293 1341 375 1405 nihil
411 1340 521 1404 exilius
559 1342 664 1424 potest
699 1339 833 1424 cogitari
869 1340 1105 1423 comparatione
1140 1339 1222 1404 inita
1259 1361 1331 1404 cum
1366 1338 1406 1402 iis

293 1446 442 1530 strophis,
466 1445 580 1531 quibus
593 1445 767 1529 Aeschylus
790 1446 824 1509 in
848 1443 1048 1531 Supplicibus
1063 1468 1185 1511 summa
1209 1445 1352 1510 ubertate
1375 1449 1409 1510 et

296 1553 386 1637 copia
409 1575 548 1618 amorem
562 1556 594 1617 et
608 1552 788 1638 coniugium
805 1551 982 1632 celebravit,
1006 1553 1119 1636 quibus
1132 1553 1217 1631 solis,
1240 1554 1267 1618 si
1282 1556 1409 1636 praeter

296 1683 348 1725 eas
370 1660 451 1725 nihil
474 1659 514 1724 ad
537 1659 620 1725 hano
642 1663 779 1725 aetatem
802 1660 1007 1743 pervenisset,
1031 1661 1241 1726 immortalem
1265 1660 1323 1725 sibi
1348 1681 1407 1744 pa-

295 1771 393 1831 rasset
415 1767 560 1853 gloriam.
596 1766 708 1851 Neque
722 1765 938 1845 Aristoxenus,
962 1789 1102 1832 summus
1124 1768 1178 1831 ille
1201 1767 1407 1846 existimator,

293 1876 364 1952 ista,
388 1897 470 1958 quae
488 1878 563 1939 ante
586 1874 694 1939 oculos
716 1873 875 1951 habemus,
891 1873 1070 1940 Promethei
1083 1874 1224 1939 carmina
1238 1873 1409 1956 respexisse

293 1980 455 2065 putandus
464 1983 519 2059 est,
537 2003 607 2045 eum
617 1979 767 2066 Aeschyli
777 1981 1129 2065 carminaperfectionis
1139 1980 1408 2064 absolutionisque

294 2087 485 2172 exemplaria
517 2086 715 2171 praeferebat
739 2086 903 2170 Sophoclis
935 2091 967 2152 et
990 2086 1151 2172 Euripidis
1178 2086 1338 2180 operibus,
1374 2087 1407 2151 in

295 2194 408 2279 quibus
435 2194 580 2259 omnibus
603 2193 722 2277 paredo
746 2198 876 2277 excepta
901 2191 1069 2277 Oedipodis
1093 2195 1189 2279 Regis
1213 2193 1409 2258 desideratur

293 2301 344 2366 lex
372 2301 428 2365 illa
451 2306 483 2364 et
506 2300 669 2384 dispositio
692 2323 795 2366 rerum
821 2301 990 2365 artificiosa
1013 2323 1032 2364 a
1054 2300 1230 2385 Terpandri
1253 2306 1333 2386 νόμῳ
1357 2323 1408 2364 re·

292 2409 420 2492 petitae,
445 2429 524 2492 quas
546 2408 645 2474 secuti
669 2398 797 2472 Phidias
810 2407 929 2472 eodem
953 2407 1046 2472 modo
1070 2411 1164 2492 atque
1177 2407 1351 2491 Aeschylus
1375 2409 1407 2472 et

294 2514 448 2580 Pindarus
480 2514 692 2598 pulcherrima
725 2519 755 2578 et
785 2536 908 2580 summa
941 2515 1152 2581 admiratione
1184 2515 1281 2600 digna
1309 2537 1406 2599 opera

292 2623 461 2688 finxerunt.

360 2728 419 2794 Sed
452 2729 702 2813 perstringamus
733 2749 834 2807 nunc,
868 2750 949 2811 quae
967 2729 1056 2793 intra
1077 2730 1220 2814 singulos
1243 2731 1332 2794 actus
1355 2751 1406 2794 re·

291 2835 449 2919 pariamus
473 2835 653 2920 Aeschyleo
685 2835 767 2899 mori
798 2835 1020 2921 repugnantia.
1066 2835 1208 2900 Primum
1240 2835 1407 2900 offensioni

292 2946 366 3006 sunt
389 2941 452 3006 duo
474 2942 630 3021 carmina,
655 2963 735 3025 quae
759 2939 817 3005 ἀπὸ
840 2953 953 3028 σκηνῇς
977 2947 1148 3020 canuntur,
1172 2965 1242 3008 cum
1266 2943 1300 3006 in
1323 2947 1406 3008 cete-

294 3071 402 3114 rarum
425 3047 606 3113 fabularum
628 3049 792 3128 monodiis,
816 3071 897 3133 quae
910 3051 1071 3128 vocantur,
1097 3049 1173 3114 haec
1190 3049 1241 3114 lex
1255 3055 1405 3127 servetur,

263 3238 268 3246 ¹
293 3161 329 3221 ut
353 3155 518 3220 monodiae
540 3157 597 3220 aut
619 3156 783 3241 asingulis
796 3156 953 3222 choreutis
966 3157 1139 3222 recitentur
1152 3159 1218 3235 aut,
1243 3159 1279 3221 ut
1292 3158 1406 3243 θρῆνοι,

292 3265 377 3328 iuter
412 3263 544 3328 chorum
579 3268 610 3328 et
647 3267 768 3328 actores
799 3263 990 3328 dividantur.
1037 3263 1193 3351 Intellego
1225 3263 1407 3329 Promethei

292 3369 474 3436 monodiam
495 3369 569 3434 inde
592 3393 610 3435 a
634 3392 724 3435 versu
739 3371 902 3436 88-127.
926 3373 958 3434 et
972 3370 1025 3434 Ius
1045 3393 1072 3438 a.
1088 3393 1117 3439 v.
1132 3370 1318 3438 suo-588.
1335 3393 1407 3458 cum

293 3476 504 3562 antistrophe.
552 3476 611 3542 Sed
643 3500 715 3542 cum
738 3475 904 3561 Sophoclis
937 3480 969 3542 et
992 3477 1152 3562 Euripidis
1184 3479 1324 3543 carmina
1347 3476 1405 3541 ἀπὸ

293 3571 557 3670 sicquipc‘cantata
579 3584 613 3648 in
637 3582 716 3649 illud
740 3584 845 3648 decem
868 3606 1025 3664 annorum
1049 3585 1197 3668 spatium,
1222 3583 1307 3669 quod
1331 3583 1406 3648 belli

293 3690 551 3775 Peloponnesiaci
574 3692 699 3756 eventui
723 3691 937 3770 antecedebat,
962 3691 1125 3756 referenda
1144 3692 1218 3771 sint,
1243 3691 1328 3755 haud
1343 3691 1405 3756 scio

293 3822 335 3864 an
368 3798 550 3863 Promethei
586 3798 749 3863 monodias
781 3798 882 3862 eidem
915 3799 1023 3864 demus
1054 3799 1206 3884 tempori,
1239 3799 1300 3863 nisi
1332 3819 1404 3863 vero

293 3907 397 3991 ipsum
420 3906 609 3990 Aeschylum
639 3905 732 3971 huius
755 3907 840 3972 modi
863 3908 1040 3972 carminum
1062 3913 1221 3973 auctorem
1245 3906 1404 3983 habemus,

293 4036 387 4098 quem
424 4014 520 4077 ceteri
555 4013 746 4078 imitandum
783 4014 843 4079 sibi
875 4015 1108 4098 proposuerint.
1153 4014 1240 4089 Quae
1271 4017 1318 4078 est
1349 4013 1404 4078 illa

293 4124 417 4206 σκηνικὴ
442 4123 581 4206 μουσικὴ,
614 4143 709 4204 quam
733 4122 942 4187 Aristoxenus
974 4144 1045 4187 cum
1073 4117 1252 4206 pohpoucrtq
1275 4122 1405 4186 παλαιῶν

294 4229 375 4306 (scil.
410 4227 557 4313 Aeschyli
589 4230 621 4292 et
652 4227 839 4312 Phrynichi)
872 4229 1076 4312 comparavit.
1122 4226 1233 4311 Neque
1265 4231 1404 4310 praeter·

293 4334 431 4400 eundum
455 4333 597 4412 videtur,
631 4333 715 4418 quod
738 4335 772 4400 in
794 4334 911 4400 fabulis
937 4335 1115 4422 Aeschyleis
1139 4334 1269 4398 omnino
1292 4337 1341 4397 ter
1364 4333 1404 4396 ab
