3134 4998
635 303 846 400 ..ss-

182 501 351 582 propterea
373 502 420 562 est
442 496 600 575 notabilis,
625 497 709 581 quod
725 497 861 562 formam
884 496 1047 562 metricam
1071 496 1208 579 praebet,
1233 519 1296 580 qua

181 627 283 690 neque
307 605 462 670 Pindarus
493 627 595 688 neque
618 603 787 688 Sophocles
821 625 922 688 neque
946 601 1112 686 Euripides
1141 604 1188 694 usi
1211 609 1295 681 sunt,

180 715 227 777 est
251 713 335 778 enim
358 712 449 778 haee:

232 832 1260 906 -ν--Ι-νυ-υυυυΙ-υυ-υυμῖ,

179 1003 255 1045 oum
276 981 369 1045 ceteri
392 980 476 1045 hanc
498 981 636 1045 formam
658 980 875 1046 catalecticam
896 979 1095 1064 usurparint:

233 1100 1198 1174 *u“l⁸uu·qu-1!.1l‘vv*vvl.1

248 1247 344 1331 Apud
376 1247 618 1332 Aristophanem
649 1248 750 1314 solum
782 1247 839 1312 illa
871 1247 975 1312 forma‘
1007 1249 1158 1333 leguntur
1189 1247 1295 1314 eccles.

182 1378 229 1419 vv.
255 1354 329 1421 574.
363 1353 480 1442 ἔρχαται
506 1359 625 1442 γνώμης
652 1355 771 1431 ἐπίνοια,
804 1357 925 1441 πολίτην
958 1357 1052 1443 δῆμον
1082 1353 1295 1437 ἐπαγλαϊοῦσα,

182 1463 256 1528 577.
290 1485 362 1528 cum
384 1463 529 1528 anacrusi
557 1467 659 1548 καιρὸς
682 1464 714 1526 δὲ
738 1483 745 1498 ·
769 1464 857 1528 δεῖται
879 1467 935 1547 γάρ
957 1485 982 1526 τι
1004 1472 1098 1549 σοφοῦ
1121 1467 1195 1536 τινὸς
1218 1461 1296 1534 ἐξευ-

179 1575 311 1655 ρήματος
325 1565 345 1654 ἡ
360 1571 443 1642 πόλις
458 1566 550 1656 ἡμῶν.
588 1569 694 1636 Tertia
709 1570 855 1655 periodus
872 1571 1014 1654 τρίαωλος
1034 1574 1081 1634 est
1099 1592 1127 1637 u.
1144 1571 1218 1636 890.
1235 1570 1294 1634 sie:

384 1696 729 1780 susplodor
748 1698 1100 1781 τρίκωλοςχ

275 1856 278 1861 .
295 1799 508 1906 Q
723 1808 812 1888 μέσον
1029 1797 1172 1887 ἀριστερόν

295 1905 299 1976 l

296 1979 337 2052 ὡς
360 1984 392 2044 τὸ
415 1981 505 2066 κηδεῡ
531 1978 534 2068 1
560 2003 609 2045 σαι
630 1967 703 2046 aud'
728 1979 831 2060 ἑαυτὸν
854 1909 975 2068 &procedi
996 1981 1000 2072 l
1022 1907 1049 2046 la
1071 1994 1177 2070 μακρῷ

247 2123 391 2208 Denique
414 2126 440 2189 si
462 2125 494 2189 in
519 2125 719 2208 dipodiarum
743 2132 775 2192 et
793 2129 1044 2212 tetrapodiarum
1062 2127 1127 2192 viee
1141 2123 1295 2209 enrhyth-
1353 2205 1355 2210 Ι

180 2231 294 2296 micam
315 2232 514 2318 singulorum
537 2232 748 2298 membrorum
773 2236 1006 2320 responsionem
1025 2235 1222 2321 indagamus,
1248 2232 1295 2295 di·

181 2338 276 2421 podia
290 2344 402 2405 notata
421 2341 527 2405 littera
547 2363 576 2420 α,
600 2342 778 2424 tetrapodia
794 2344 821 2424 β,
845 2344 965 2426 primae
979 2343 1129 2427 strophae
1143 2343 1220 2406 haee
1232 2341 1293 2404 est:

409 2463 1067 2555 proplapplapalplpsthyph.

409 2552 413 2695 ι
477 2556 787 2680 Ἡ]
846 2552 916 2680 r
975 2554 1001 2698 l

245 2770 385 2836 Alterius
416 2772 567 2837 eiusmodi
601 2776 834 2858 responsionem
867 2775 1081 2841 membrorum
1113 2769 1294 2840 accuratam

74 2902 80 2915 ·
178 2899 243 2942 non
266 2878 380 2946 inveni.

630 3262 755 3374 Caput
778 3263 843 3350 IV.

458 3433 512 3526 lle
545 3409 736 3528 dramatis
770 3439 1010 3530 oeconomia.

682 3615 788 3624 ——

243 3715 417 3782 Praemissa
448 3719 550 3783 multa
582 3719 621 3784 de
652 3721 803 3787 trimetris
831 3723 981 3801 iambicis,
1014 3723 1192 3806 systematis
1214 3746 1291 3789 ana·

176 3824 329 3906 passuris,
363 3825 507 3908 partibus
539 3825 657 3891 melicis
689 3829 899 3911 explicatione
922 3829 1077 3913 reliquum
1102 3832 1157 3907 est,
1189 3834 1227 3894 ut
1258 3831 1291 3895 in

175 3930 239 3996 fine
262 3931 355 3995 huius
378 3932 477 3998 libelli
501 3933 538 3997 de
556 3934 739 4019 tragoediae
754 3936 935 4000 oeconomia
949 3957 1107 4020 perpauca
1121 3936 1289 4003 addantur.

176 4035 357 4103 Cuiusmodi
384 4040 543 4124 appendix
575 4041 639 4106 iam
666 4063 702 4106 eo
730 4044 904 4107 necessaria
926 4043 1060 4119 ridetur,
1093 4046 1178 4127 quod
1210 4067 1292 4110 nou·

175 4145 265 4209 nulla
289 4145 328 4209 ad
352 4147 434 4211 hauc
457 4148 620 4215 metricam
642 4149 859 4232 quaestionem
892 4150 1124 4236 profligandam
1154 4153 1291 4219 multum

176 4252 323 4333 valentia,
358 4277 438 4338 quae
469 4261 564 4321 antea
588 4257 705 4341 partim
727 4279 791 4322 non
815 4261 899 4341 apte,
932 4259 1048 4342 partim
1073 4261 1202 4324 omnino
1226 4281 1291 4324 non

175 4359 311 4444 proferri
333 4365 492 4446 poterant,
517 4364 723 4430 relictasunt.
763 4362 932 4431 Ordiamur
954 4366 1054 4451 igitur
1076 4365 1117 4432 ab
1139 4367 1186 4446 iis,
1210 4389 1292 4450 quae
