3134 4998
684 225 884 322 --Λ-3,-

251 425 308 490 Ex
343 423 411 491 hac
443 423 618 493 lectionum
650 429 809 494 varietate
841 430 907 494 iam
940 429 1019 494 satis
1055 429 1141 494 clare
1172 435 1323 514 apparet,
1357 430 1391 494 in

162 527 351 611 archetypo
382 528 480 596 fuisse
502 531 597 595 unius
620 529 764 612 syllabae
785 531 936 596 lacunam
965 552 1112 615 eamque,
1137 531 1178 596 ab
1201 531 1273 596 aliis
1296 531 1391 598 aliter

162 651 233 695 esse
261 639 469 713 reparatam.
512 633 647 715 Integra
676 637 785 698 autem
815 633 983 718 archetypi
1007 634 1102 700 lectio
1131 641 1259 700 servata
1288 640 1336 700 est
1357 637 1391 700 in

161 732 233 801 Vit.
266 732 367 800 Oolb.
399 739 427 800 l.
457 741 486 801 2.
517 736 594 800 Par.
624 734 681 814 N,
715 736 770 818 qui
800 736 959 819 praebent
990 739 1059 802 πᾶν
1089 735 1149 822 γὰρ
1171 734 1297 803 πύθοιό
1318 761 1389 820 μου.

59 845 62 852 ’
160 835 356 902 Emendate
385 837 524 922 denique
551 838 628 903 Par.
657 838 697 904 B.
727 839 818 904 Bess.
847 839 983 905 habent:
1029 841 1098 904 πᾶν
1124 836 1184 925 γὰρ
1205 834 1244 904 ἂν
1265 837 1390 906 πύθοιό

159 961 234 1019 μου.
284 937 383 1023 Quae
405 962 478 1006 cum
499 942 547 1006 ita
569 942 643 1022 sint,
666 942 861 1023 gravissimis
877 943 1021 1025 ipsorum
1037 942 1183 1008 codicum
1198 942 1390 1009 testimoniis

160 1033 429 1126 comprobatur,¹
452 1066 516 1109 non
543 1043 586 1108 ad
608 1043 754 1110 codicum
776 1043 959 1110 Mediceum
980 1050 1117 1127 ceteron,
1146 1043 1204 1109 sed
1226 1045 1269 1112 ad
1291 1068 1390 1127 unum

160 1143 387 1230 archetypum
408 1168 518 1213 omnes
540 1146 640 1212 libros
664 1167 733 1212 esse
754 1147 950 1214 referendos.
994 1148 1100 1230 Finge
1123 1147 1266 1212 codicem
1286 1148 1389 1214 Medi·

160 1269 258 1313 ceum
282 1269 358 1314 esse
379 1256 560 1316 ceterorum
582 1249 714 1326 fontem,
736 1257 773 1315 nt
794 1250 946 1316 librarius
967 1250 995 1315 is
1017 1251 1074 1333 qui
1089 1250 1234 1316 codicem
1248 1250 1291 1318 A.
1315 1271 1389 1315 oon·

159 1348 258 1432 fecit,
289 1353 450 1436 scriptum
471 1352 644 1418 invenerit:
675 1355 743 1418 πᾶν
765 1350 825 1439 γὰρ
847 1342 901 1418 οὖν
923 1349 1049 1418 πύθοιό
1070 1376 1141 1435 μου.
1185 1353 1258 1419 Aut
1278 1354 1390 1438 depre-

161 1452 283 1518 hendit
313 1455 445 1520 vitium:
473 1459 542 1519 tum
571 1455 639 1520 sine
667 1477 757 1520 mora
783 1449 823 1519 tv
849 1454 1043 1540 particulam
1064 1457 1275 1540 reposuisset,
1307 1478 1390 1540 quae

161 1554 236 1639 lege
252 1557 473 1640 grammatica
496 1557 651 1624 acerrime
671 1558 869 1643 postulatur;
893 1564 1036 1623 autnon
1058 1558 1287 1642 deprehendit:
1321 1565 1392 1626 tum

162 1660 233 1724 sine
266 1660 371 1728 dubio
401 1649 456 1724 οὖν
484 1659 706 1744 descripsisset
729 1683 769 1726 ex
797 1662 984 1746 archetypo.
1029 1660 1192 1729 Neutrum
1214 1684 1289 1729 vero
1319 1682 1391 1728 cnm

161 1759 294 1828 factum
331 1764 391 1843 sit,
422 1769 575 1846 apparet,
605 1785 670 1828 non
701 1764 744 1828 ad
772 1762 914 1830 codicem
938 1763 1121 1828 Modioeum
1150 1765 1256 1831 redire
1285 1765 1390 1830 varias

163 1865 322 1932 codicum
343 1887 424 1930 rece.
447 1866 612 1933 lectiones.
656 1865 831 1932 Manifesto
853 1872 962 1932 autem
984 1886 1023 1931 ac
1037 1866 1186 1948 dilucide,
1209 1867 1295 1934 unde
1309 1869 1392 1934 haec

163 1973 263 2034 tanta
295 1969 454 2034 librorum
482 1969 701 2053 discrepantia
730 1976 804 2038 orta
826 1968 882 2049 sit,
912 1969 960 2033 ita
982 1968 1137 2052 explicari
1158 1975 1277 2053 potest,
1299 1977 1391 2037 utet

164 2069 341 2138 Mediceus
369 2078 402 2136 et
422 2071 465 2137 A.
490 2071 616 2138 codices
645 2094 685 2138 ex
714 2072 826 2138 eodem
849 2071 1023 2156 archetypo
1046 2070 1175 2138 fluxisse
1197 2079 1389 2155 statuamus,
1507 2103 1510 2110 ·

164 2175 223 2255 qui
254 2174 398 2244 haberet¹
414 2177 491 2260 Ιπᾶν
518 2172 577 2262 γὰρ
604 2171 730 2242 πύθοιό
756 2199 826 2259 μου.
869 2175 1039 2241 Librarius
1061 2175 1149 2242 Med.
1171 2175 1301 2261 longam
1329 2177 1390 2262 syl·

164 2275 283 2342 labam
306 2278 428 2361 requiri
451 2284 553 2343 metro
576 2278 768 2362 intelligens,
791 2279 936 2344 sednon
958 2285 1025 2344 tam
1047 2278 1175 2363 linguae
1197 2281 1331 2364 peritus,
1355 2287 1391 2348 ut

166 2373 208 2442 dv
231 2380 429 2464 particulam
451 2380 669 2462 reponendam
691 2402 760 2446 esse
782 2380 916 2462 videret,
939 2381 1139 2464 interpolata
1161 2371 1216 2446 cdv
1229 2381 1391 2464 particula

166 2489 312 2547 metrum
334 2482 487 2564 restituit,
510 2482 664 2547 sermonis
686 2483 799 2547 vitium
821 2504 885 2548 non
908 2484 1044 2550 sanavit.
1089 2483 1258 2550 Librarius
1282 2490 1391 2549 autem

167 2586 296 2649 codicis
319 2585 379 2666 A.‚
410 2607 483 2650 cum
512 2585 593 2652 nihil
620 2585 756 2652 adderet
783 2586 951 2670 archetypi
979 2585 1124 2667 lectioni,
1154 2585 1390 2652 emendandum

165 2688 261 2754 hunc
282 2688 389 2753 locum
411 2689 549 2772 posteris
569 2689 710 2773 reliquit,
732 2711 869 2774 quorum
891 2689 951 2754 soli
972 2689 1050 2754 Par.
1074 2688 1114 2752 B.
1138 2688 1229 2754 Besa.
1254 2683 1293 2753 ἄν
1314 2711 1389 2772 par·

167 2790 307 2857 ticulam
331 2790 371 2855 de
394 2792 578 2856 coniectura
599 2793 821 2858 restituerunt.
845 2829 885 2839 -

260 2893 431 2960 Simillima
459 2900 509 2959 est
530 2894 677 2960 codicum
698 2896 782 2960 ratio
804 2894 930 2959 Prom.
954 2897 1041 2976 522,
1070 2893 1126 2977 qui
1156 2915 1265 2959 versus
1288 2895 1333 2958 sic
1356 2895 1390 2958 in

171 2999 245 3064 cod.
268 2995 355 3062 Med.
376 2996 511 3080 legitur:

409 3094 495 3166 τοῦτ’
519 3093 586 3164 οὐκ’
610 3093 650 3164 ἂν
672 3089 727 3164 οὖν
749 3093 875 3163 πύθοιο
895 3095 975 3186 μηδὲ
997 3096 1139 3184 λιπάρει.

259 3202 460 3268 Particulam
488 3192 552 3282 orb,
584 3204 667 3269 sicut
692 3203 726 3266 in
754 3224 782 3267 v.
810 3206 888 3281 618,
918 3201 972 3267 hic
1002 3223 1130 3284 quoque
1157 3199 1390 3284 interpolatam

112 3361 115 3366 .
171 3327 259 3384 esse,
288 3304 383 3370 facile
414 3307 631 3389 cognoscitur3
662 3306 834 3370 molestum
862 3304 947 3369 enim
978 3314 1010 3370 et
1038 3324 1312 3389 supervacaneum
1341 3308 1390 3368 est

172 3399 239 3489 οὖν,
267 3407 355 3492 quod
384 3429 455 3472 oum
484 3409 526 3473 sit
547 3407 771 3474 ratiocinantis
795 3414 827 3473 et
850 3406 1084 3490 concludentis,
1112 3409 1166 3474 vix
1185 3406 1262 3472 ferri
1282 3412 1390 3492 potest

172 3516 205 3578 in
236 3513 298 3576 hac
325 3511 560 3576 sententiarum
581 3511 799 3577 cohaerentia.
843 3511 956 3593 Atque
978 3501 1033 3575 cdv
1054 3511 1208 3576 omittunt
1231 3509 1272 3578 G.
1297 3509 1387 3592 Lips.

173 3615 241 3684 Vit.
265 3616 353 3699 Aug.
378 3612 470 3680 Oolb.
497 3619 524 3678 1.
555 3614 631 3679 Par.
654 3615 695 3680 Ε.
719 3613 760 3679 N.
784 3614 884 3682 Vind.
909 3619 938 3680 2.
977 3607 1071 3678 οὐκέτ
1093 3608 1131 3678 tv
1152 3611 1387 3681 habentVind.

173 3723 200 3782 l.
235 3723 264 3782 3.
317 3712 376 3781 οὐκ
398 3711 441 3780 ἔτ’
477 3709 516 3780 ἂν
550 3715 642 3782 Oolb.
666 3722 695 3782 2.
746 3715 900 3783 Cantabr.
926 3721 954 3782 1.
986 3722 1016 3784 2.
1061 3707 1119 3781 οὐκ
1153 3709 1192 3780 th
1225 3712 1388 3782 ἐκπύθοιο

172 3819 309 3904 denique
330 3841 413 3886 unus
439 3817 521 3886 Van.
546 3824 574 3884 3.

256 3924 469 3990 Hermannus
492 3944 565 3988 cum
585 3922 667 3992 Ven.
685 3925 704 3986 3
728 3922 857 4006 scripsit
879 3918 1052 4003 ἐκπύθοιο,
1074 3919 1263 3987 Dindorfius
1285 3912 1387 3984 οὐκέτ’

171 4019 210 4090 dr
245 4027 377 4110 recepit.
444 4025 670 4092 Kirchhosfius
712 4025 851 4109 deniqne
894 4025 1040 4108 quamvis
1076 4025 1232 4090 retineret
1268 4021 1388 4088 codicis

170 4129 307 4195 Medicei
330 4129 510 4212 lectionem,
533 4136 643 4196 tamen
665 4128 771 4194 facero
793 4150 858 4194 non
880 4129 996 4210 potuit,
1021 4128 1099 4210 quin
1120 4127 1202 4192 illud
1222 4119 1325 4191 οὐκέτ’
1350 4119 1388 4189 ἂν

169 4232 202 4297 in
225 4233 290 4296 ima
313 4232 433 4316 pagina
454 4233 637 4300 adnotaret.
675 4230 740 4298 Sed
756 4251 854 4314 quam
870 4231 1007 4313 quisquo
1022 4235 1193 4314 praeoptet
1207 4228 1388 4307 lectionem,

169 4335 230 4400 hoc
257 4336 339 4401 nihil
366 4335 476 4400 refert.
521 4336 608 4402 Satis
631 4341 680 4400 est
708 4339 866 4412 statuere,
888 4331 986 4398 luisse
1009 4334 1042 4398 in
1069 4333 1246 4416 archetypo
1269 4331 1388 4397 omissa

168 4460 235 4504 una
266 4437 391 4522 syllaba
420 4438 467 4502 ita
498 4439 668 4521 scripturn:
705 4430 791 4501 τοῦτ’
822 4430 879 4500 οὐκ
909 4430 948 4499 ἂν
977 4433 1102 4500 πύθοιο
1133 4432 1214 4522 ppo*
1246 4432 1386 4520 λιπάρει.
