3134 4998
849 307 892 373 24

310 525 351 566 ne
373 523 426 567 ecs
448 502 584 586 quidem,
618 524 754 586 qnorum
781 524 854 568 usus
882 503 967 587 apud
990 503 1181 588 Aeschylum
1205 504 1255 568 vel
1277 503 1429 587 frequen-

310 611 448 676 tissimus
479 613 534 689 est,
567 611 613 675 ita
644 610 805 676 adhibitos
837 614 932 692 atque
964 610 1189 690 conformatos,
1222 615 1260 674 ut
1292 611 1431 693 speciem

311 719 442 804 originis
474 715 666 805 Aeschyleae
697 740 774 803 prae
804 739 837 782 se
869 717 998 784 ferrent.
1044 717 1082 782 In
1114 719 1183 801 ipsa
1216 740 1312 803 quam
1343 740 1430 782 nunc
1532 735 1534 738 ·

311 825 515 912 aggredimur
538 825 745 910 explicatione
777 825 863 890 hunc
885 847 945 911 ego
968 825 1083 890 tenebo
1109 825 1262 904 ordinem,
1294 828 1331 890 ut
1361 825 1430 908 pri-

310 955 396 997 mum
421 932 522 998 dicam
546 932 584 998 de
606 933 644 997 iis
667 933 817 1016 strophis,
841 955 923 1017 quae
938 929 1119 1017 Aeschyleis
1133 933 1241 998 metris
1254 935 1330 997 sunt
1352 954 1429 997 con-

311 1040 404 1119 ditae,
437 1039 549 1104 deinde
581 1039 620 1104 de
651 1040 698 1120 iis,
730 1061 812 1124 qnae
839 1062 877 1104 ex
906 1039 1045 1105 numeris
1067 1039 1161 1105 huius
1183 1039 1310 1105 fabulae
1332 1040 1430 1104 solius

311 1147 447 1231 propriis
471 1149 629 1212 constant.

377 1253 401 1321 l.
439 1251 571 1320 Initium
594 1257 739 1320 sumatur
762 1254 802 1320 ab
824 1254 871 1334 iis,
905 1276 1040 1340 quarum
1070 1260 1176 1320 v‘crsus
1203 1276 1260 1338 per
1282 1274 1430 1318 numeros

311 1361 434 1446 generis
465 1360 600 1446 diplasii,
634 1361 719 1445 quod
752 1365 868 1428 vocant
891 1363 1022 1442 metrici,
1054 1361 1430 1446 incedunrprimumque

312 1469 503 1553 disceptetur

376 1571 406 1638 l.
437 1563 480 1638 dc
503 1570 870 1664 strophudtrochuicm
893 1598 923 1642 v.
937 1575 1023 1655 415,
1047 1577 1193 1661 quamsi
1215 1576 1429 1641 sinenomine

311 1682 449 1748 auctoris
470 1681 590 1747 tradita
613 1685 701 1760 essct,
725 1703 915 1774 quemquam
939 1683 979 1748 ab
993 1682 1150 1766 Aeschylo
1170 1683 1347 1766 profectam
1369 1706 1429 1767 pu·

310 1792 454 1854 taturum
487 1789 582 1854 fuisse
613 1810 706 1875 nego,
753 1787 885 1854 Constat
917 1790 1001 1855 enim
1034 1811 1072 1854 ex
1107 1789 1208 1854 tribus
1244 1789 1430 1874 tetrapodiis

310 1896 487 1975 trochaicis,
520 1895 634 1980 quibus
666 1896 807 1961 clausula
837 1896 1031 1963 immiscetur
1063 1895 1223 1981 Priapeus.
1273 1895 1333 1962 Sed
1365 1918 1429 1980 qua

312 2004 415 2069 forma
437 2008 512 2069 sunt
534 2009 630 2086 atque
653 2007 769 2068 natura
791 2004 936 2090 singulae
959 2005 1158 2089 tetrapodiae
1185 2026 1312 2089 quoque
1334 2004 1429 2070 modo

312 2133 384 2196 cum
406 2111 517 2178 ceteris
540 2106 688 2194 Aeschyli
716 2111 908 2176 carminibus
931 2111 1098 2177 trochaicis
1122 2115 1325 2196 comparatae
1347 2111 1429 2177 diiu-

261 2214 278 2277 l
312 2218 463 2283 dicandae
486 2218 574 2282 sunt!
621 2217 764 2282 Primum
786 2217 876 2283 nobis
899 2219 931 2283 id
955 2219 1072 2283 mirum
1095 2218 1239 2299 obicitur,
1273 2220 1357 2302 quod
1381 2223 1430 2285 te·

311 2325 475 2410 trapodiae
507 2324 619 2408 pedem
651 2325 801 2390 ultimum
829 2325 948 2391 habent
977 2322 1142 2411 ὁλόκληρον
1164 2349 1188 2392 s.
1213 2324 1429 2415 ἀκατάληκτον,

313 2455 385 2498 cum
407 2433 442 2497 in
466 2435 640 2498 ceterarum
660 2431 897 2518 tragoediarum
918 2433 1079 2498 ordinibus
1092 2433 1260 2498 trochaicis
1274 2455 1432 2518 nusquam

312 2539 378 2604 lere
399 2539 602 2605 intermiserit
625 2536 808 2624 Aeschylus,
832 2541 911 2625 quin
935 2545 1109 2627 σεμνότητος
1132 2537 1226 2605 ἕνεκεν
1242 2552 1296 2628 τῆς
1315 2563 1431 2628 μακρο-

311 2653 396 2733 τέρας
410 2646 602 2735 accersas<
625 2646 659 2710 in
679 2647 823 2730 apothesi
838 2647 996 2712 catalexin
1011 2647 1184 2713 adhiberet.
1217 2648 1268 2712 Ex
1283 2649 1430 2732 Aeschyli

312 2756 397 2822 enim
420 2755 535 2819 fabulis
559 2754 639 2819 duae
660 2754 882 2819 tantummodo
909 2755 1106 2840 tetrapcdiaa
1129 2753 1330 2842 ἀκατάληκτοι
1361 2757 1430 2822 lau-

312 2862 381 2926 dari
404 2863 544 2944 possunt,
570 2859 657 2943 Sept.
681 2859 755 2926 352.
781 2859 915 2947 ξυμβολεῖ
938 2867 1031 2947 φέρων
1055 2868 1175 2950 φέροντι,
1200 2866 1231 2927 et
1245 2863 1337 2930 Eum.
1353 2864 1428 2930 496.

311 2969 409 3034 πολλὰ
432 2965 769 3054 sumptuosissimam
800 2969 933 3034 tertium
955 2970 1070 3049 locum,
1104 2971 1159 3053 qui
1181 2971 1353 3035 secundum
1377 2992 1429 3036 cc·

312 3076 417 3170 dicum
450 3075 634 3140 memoriam
663 3073 725 3139 huc
747 3075 929 3140 referendus
953 3079 1008 3154 est,
1042 3076 1158 3162 Agam.
1185 3077 1289 3156 1024,
1322 3100 1430 3143 vereor

312 3182 440 3262 addere,
474 3205 546 3248 cum
576 3184 745 3266 corruptus
778 3182 933 3247 videatur.
980 3182 1041 3249 Sed
1069 3206 1226 3268 nusquam
1253 3185 1429 3250 istiusmodi

311 3311 417 3356 versus
454 3312 518 3354 uua
555 3289 770 3373 perpetuitate
805 3290 933 3374 repetiti
969 3292 1133 3375 stropham
1165 3292 1427 3374 complectuntur,

311 3397 396 3483 quod
428 3397 480 3461 hic
512 3395 632 3460 lactum
656 3396 946 3466 animadvertimus.
992 3398 1122 3463 Accedit
1155 3399 1218 3463 alia
1250 3421 1298 3463 res
1330 3420 1429 3483 eaque

311 3504 397 3569 haud
419 3505 542 3568 minore
566 3507 736 3583 momento,
761 3505 845 3588 quod
869 3527 926 3590 per
948 3508 1051 3572 totam
1074 3507 1237 3590 stropham
1255 3505 1379 3571 theseos
1397 3510 1429 3572 et

311 3633 413 3677 arseos
436 3611 595 3676 continuis
617 3610 737 3675 vicibus
760 3610 934 3676 decurrunt
956 3612 1161 3696 tetrapodiae,
1187 3633 1249 3696 quo
1265 3611 1350 3676 facto
1373 3613 1427 3678 illa

311 3718 505 3784 desideratur
528 3720 678 3804 μεταβολὴ
701 3721 779 3783 κατὰ
801 3719 883 3785 θέσιν
905 3716 1110 3806 ῥοθμοποιΐας,
1143 3741 1206 3802 qua
1238 3741 1311 3784 usus
1344 3721 1427 3785 anti·

311 3848 391 3911 quus
427 3823 610 3912 ρυθμοποιός
645 3825 803 3892 auditores
840 3826 1052 3892 efficacissime
1083 3827 1227 3910 rapiebat
1259 3847 1427 3911 omnesque

311 3933 409 3998 animi
445 3932 575 3998 humani
613 3936 757 3998 motuum
798 3932 915 4020 gradus
958 3933 1171 4018 percurrebat,
1210 3934 1427 4000 desiderantur

309 4045 411 4127 χρόνοι
432 4043 565 4126 τρὶσημοι
586 4062 707 4126 graves,
731 4040 825 4120 tardi,
849 4041 1025 4125 ponderosi,
1049 4041 1163 4125 quibus
1177 4042 1259 4106 mira
1273 4041 1426 4125 quaedam

310 4169 512 4212 numerorum
537 4148 671 4213 sanetas
694 4153 726 4213 et
749 4148 789 4213 ad
812 4151 981 4235 μονοτονὶαν
1003 4145 1167 4212 vitandam
1186 4151 1263 4233 apta
1278 4148 1425 4213 nasceba-

310 4260 371 4320 tur.
417 4253 529 4338 Neque
552 4254 718 4340 quisquam
742 4255 936 4321 Graecorum
964 4258 1131 4339 poetarum
1162 4259 1331 4340 tantopere
1363 4256 1425 4321 fre-

310 4362 477 4445 quentavit
499 4365 602 4428 metra
625 4363 811 4442 inconnexa,
835 4366 1033 4446 quantopere
1053 4362 1237 4448 Aeschylus,
1261 4365 1424 4446 praestan·
