3134 4998
786 237 826 301 32
888 325 910 332 ..

293 440 422 507 Codicis
437 440 479 506 A.
495 441 650 506 lectiones
672 443 810 526 saepius
833 448 871 507 ut
891 440 1040 508 ferebant
1061 440 1169 508 futilia
1192 445 1420 528 atqneinania
1512 399 1518 452 Γ

205 543 291 608 illius
314 544 431 610 aetatis
453 543 572 624 studia,
596 543 783 610 obscuratas
799 566 867 610 esse
881 545 1095 612 recentiorum
1109 545 1417 629 interpolationibus
1520 554 1523 566 ¹

207 647 321 711 coniici
342 651 458 730 potest,
480 646 651 730 interdum,
674 646 752 732 quid
774 648 925 715 habuerit
947 647 1001 730 A,
1025 669 1041 713 e
1064 649 1228 732 paucitate
1248 649 1418 734 librorum,

207 770 344 832 quorum
371 747 526 815 lectiones
548 749 757 816 Hermannus
784 751 911 833 attulit,
940 771 1003 815 non
1025 755 1133 834 potest
1155 751 1282 835 dispici,
1314 775 1418 836 quare

206 852 314 918 nescio
342 874 384 918 an
412 852 514 918 multo
542 853 645 918 maior
671 853 785 918 fuisset
812 875 965 918 numerus
990 853 1119 919 illorum
1145 853 1304 938 locorum,
1334 877 1420 939 quos

206 957 414 1040 integriores,
448 977 545 1038 quam
575 955 739 1021 Medioeus
772 956 874 1021 codex
904 957 947 1022 A.
980 956 1140 1038 traderet,
1175 959 1201 1022 si
1233 960 1419 1024 accuratius

208 1079 317 1125 omnes
332 1059 458 1125 codices
473 1059 668 1152 recentiores
684 1064 789 1124 essent
804 1059 922 1126 collati.
968 1058 1043 1124 Non
1059 1059 1205 1125 sufficere
1221 1067 1418 1146 apparatum

211 1163 357 1228 criticum
378 1162 574 1243 Hermanni,
603 1161 814 1227 ostenderunt
843 1167 998 1246 quattuor
1023 1161 1098 1227 illae
1125 1162 1279 1228 lectiones
1307 1164 1420 1230 vanae

206 1265 247 1330 ab
270 1263 495 1330 Heimsoethio
518 1286 534 1330 e
558 1265 667 1330 codice
689 1263 931 1331 vindobonensi
954 1264 1064 1348 aliquo
1087 1266 1249 1349 prolatae,
1278 1288 1420 1349 quarum

205 1367 262 1432 illa
287 1368 401 1434 saltem
430 1367 470 1432 de
497 1389 562 1452 qua
588 1391 619 1452 p.
643 1371 660 1431 7
683 1366 785 1432 fusius
808 1373 858 1432 est
879 1367 1079 1450 disputatum
1102 1367 1207 1454 (Pers.
1229 1373 1289 1436 305
1313 1368 1418 1433 acard-

207 1493 295 1553 μενοι
317 1492 377 1556 pro
398 1465 590 1556 νικώμενοι),
615 1470 754 1538 debebat
777 1469 935 1536 adnotari.

292 1573 449 1656 Fuerunt,
471 1574 527 1657 qui
546 1573 719 1640 illuderent
738 1573 919 1639 Hermanni
939 1573 1131 1639 industriam
1154 1578 1186 1637 et
1208 1573 1422 1657 diligentiam,

207 1677 262 1758 qui
291 1675 460 1742 molestam
486 1677 648 1742 variarum
673 1676 846 1742 lectionum
872 1677 1111 1744 multitudinem
1131 1677 1165 1741 in
1187 1679 1422 1742 commentario

208 1786 436 1845 coacervasset.
481 1780 588 1845 Minus
615 1801 797 1865 operosum,
826 1781 938 1862 credo,
968 1785 1017 1845 est
1039 1779 1108 1845 solo
1131 1779 1239 1846 codice
1260 1781 1346 1845 Med.
1370 1783 1423 1846 uti

207 1883 241 1947 in
265 1887 336 1947 arte
359 1882 470 1948 critica
493 1884 699 1964 excercenda,
722 1905 819 1966 quam
842 1889 1021 1948 ceterorum
1044 1901 1172 1968 quoque
1194 1882 1340 1949 codicum
1363 1883 1422 1947 ob-

208 2007 335 2050 servare
368 1985 562 2050 testimonia.
613 1985 679 2051 Sed
715 1984 790 2070 qui*
806 1987 932 2051 ratione
969 2008 1008 2051 ac
1043 1988 1096 2053 vie
1133 1985 1303 2052 emendare
1340 1986 1422 2051 velit

207 2087 362 2172 Aeschyli
389 2085 497 2152 Prom.
527 2087 616 2171 Sept.
644 2089 750 2169 Pers,
784 2088 811 2153 is
842 2110 906 2154 non
937 2088 1067 2154 debebit
1098 2089 1260 2173 negligere
1291 2087 1420 2152 codices

206 2191 411 2257 recentiores.
456 2189 521 2274 Qui
549 2191 576 2254 si
602 2191 785 2255 accuratius
814 2198 908 2256 erunt
935 2192 1058 2273 collati,
1088 2193 1195 2257 nescio
1227 2213 1268 2256 an
1290 2192 1420 2274 possint

208 2292 347 2359 describi
369 2293 402 2358 in
425 2313 552 2376 genera,
574 2293 631 2374 ita,
654 2299 690 2358 ut
712 2294 836 2358 omissis
858 2294 931 2376 illis,
954 2296 987 2359 in
1010 2295 1128 2378 quibus
1149 2294 1291 2377 gliscunt
1311 2299 1420 2377 poste-

152 2407 155 2412 “
205 2397 306 2460 riores
328 2396 445 2460 aetatis
468 2395 745 2478 interpolationes,
775 2418 886 2462 eorum
909 2397 1026 2480 solum,
1054 2397 1110 2479 qui
1132 2397 1276 2480 proxime
1299 2397 1420 2461 absunt

206 2501 248 2566 ab
271 2499 455 2582 archetype,
479 2498 564 2562 ratio
585 2499 628 2566 sit
647 2499 806 2564 habenda.
