3134 4998
739 349 776 418 11

649 439 861 452 m

200 547 410 626 commonear,
433 547 517 631 quoe
539 546 573 613 in
597 546 670 613 aaa
695 572 725 632 p.
753 548 824 614 102.
847 547 888 614 aa
910 525 1034 614 caua
1057 547 1134 614 laco
1161 545 1312 616 adnotat:

204 655 276 722 eine
298 654 478 740 unrichtige
501 653 710 740 Etymologie.
761 655 799 720 Iu
830 653 931 729 Ἰόνιος
961 656 1014 724 ist,
1033 656 1114 734 hier,
1147 659 1205 721 wie
1236 653 1313 721 lllur.

202 762 320 830 Phoen.
354 763 430 839 208,
463 762 513 828 die
545 765 626 828 erste
654 761 739 828 Silbe
770 762 858 828 hura.
909 762 1050 830 Tertium
1078 763 1178 849 igitur
1201 763 1313 847 pedem

118 885 120 890 ’
198 871 385 956 tribrachyn
414 891 477 936 esse
507 871 592 950 uult,
621 871 672 936 oui
697 870 872 938 sententiae
898 873 1082 958 repugnant
1110 893 1218 938 omnes
1241 870 1311 948 loci,

199 978 313 1063 quihus
334 999 450 1044 nomen
471 978 637 1063 proprium
664 976 712 1042 ’lo
739 985 1015 1059 commemoratur,
1045 979 1133 1045 cuius
1155 1001 1165 1043 ι
1189 999 1313 1062 semper

199 1083 297 1170 longa
327 1088 429 1150 metro
461 1088 572 1169 aptata
604 1089 664 1164 est,
698 1085 736 1151 de
768 1108 831 1172 qua
859 1109 893 1152 re
921 1086 991 1152 vide
1013 1086 1136 1153 lexicon
1161 1084 1311 1171 Aeschyl.

201 1191 346 1258 Dindorf.
375 1214 398 1257 s.
427 1191 457 1259 h.
484 1215 510 1256 v.
535 1192 664 1260 Reiecta
686 1192 863 1259 Weckleini
892 1193 1050 1260 sententia
1077 1197 1190 1278 utpote
1222 1193 1313 1257 irrita

200 1302 305 1378 restat,
328 1303 366 1376 ut
388 1302 510 1365 attente
533 1304 747 1385 anapaestum,
772 1324 866 1385 quem
884 1301 1155 1385 deprehendimus,
1179 1300 1312 1366 circum-

198 1406 374 1492 spiciamus,
399 1429 470 1473 euin
494 1429 612 1472 morem
635 1406 842 1491 Euripideum
864 1407 1004 1472 indicare
1026 1407 1180 1472 videatur.
1227 1405 1312 1470 Nam

199 1535 268 1578 cunr
293 1518 325 1578 et
347 1513 433 1597 apud
456 1512 649 1599 Aeschylum
671 1519 702 1578 et
724 1513 809 1598 apud
832 1512 1020 1598 Sophoclem
1048 1536 1083 1578 ea
1111 1513 1162 1578 lex
1189 1517 1310 1598 regnet,

199 1623 237 1684 ut
257 1620 436 1686 tribrachus
456 1621 616 1705 positione
639 1626 826 1705 anapaestus
849 1621 951 1688 factus
978 1621 1039 1685 nisi
1066 1621 1100 1686 in
1128 1621 1231 1704 prima
1253 1619 1312 1686 tri·

199 1728 292 1792 metri
314 1727 386 1792 sede
408 1728 497 1792 nulla
519 1728 699 1807 collocetur,
724 1729 776 1794 hic
797 1729 856 1794 tali
879 1731 1050 1813 anapaesto
1078 1730 1210 1812 quartus
1232 1727 1312 1792 iam-

199 1834 257 1899 bus
279 1835 380 1901 cessit.
427 1832 560 1900 lllorum
583 1857 656 1900 vero
679 1836 866 1915 cautionem,
890 1859 930 1900 ne
952 1839 1079 1920 praeter
1102 1835 1240 1919 primum
1262 1856 1311 1899 se·

200 1941 282 2004 narii
304 1940 417 2025 pedem
438 1940 590 2006 tribrachi
613 1944 857 2008 consonantium
880 1964 1032 2009 concursu
1055 1963 1113 2027 pro
1132 1941 1311 2024 anapaestis

200 2054 436 2132 usurparentur,
461 2049 580 2133 primus
602 2050 761 2135 ignorauit
775 2050 950 2135 Euripides,
975 2056 1011 2116 ut
1030 2050 1064 2116 in
1079 2049 1194 2116 Troad.
1219 2050 1311 2115 1126.

199 2153 416 2242 Νεοπτόλεμος,
448 2160 560 2233 καινάς,
590 2155 676 2243 cycl.
700 2158 775 2224 440.
806 2157 915 2246 ἔχομεν
950 2167 1140 2245 καταφαγεῖν,
1157 2156 1214 2233 ib.
1238 2154 1312 2221 566.

199 2260 336 2350 οἰνοχόος
357 2287 397 2329 τε.
445 2261 561 2329 Omnes
589 2264 769 2350 hujusmodi
796 2270 983 2350 anapaestos
1012 2262 1200 2348 Euripideos
1223 2284 1311 2328 accu-

199 2373 267 2436 rate
289 2371 466 2455 composuit
487 2371 634 2456 Rumpel.
658 2372 772 2440 Philol.
797 2372 913 2451 XXIV,
937 2396 967 2457 p.
990 2372 1064 2438 415.

266 2477 428 2552 Quintus
451 2477 585 2562 denique
607 2478 745 2544 trimetri
768 2502 822 2564 pes
845 2480 924 2544 duos
946 2482 1133 2563 anapaestos
1160 2479 1309 2556 continet,

200 2604 335 2666 quorum
357 2585 446 2667 prior
467 2588 514 2649 est
536 2586 570 2650 in
593 2608 622 2651 v.
647 2585 727 2663 945,
756 2608 849 2670 quem
877 2587 974 2651 codex
1006 2585 1088 2650 Med.
1120 2586 1164 2650 sic
1194 2584 1309 2649 tradit:

199 2693 249 2755 τὸν
278 2687 466 2776 ἐξαμαρτόντ’
499 2688 541 2765 εἰς
571 2694 661 2766 θεοὺς
692 2696 750 2758 τὸν
781 2690 942 2780 ἡμέροις,
971 2694 1115 2777 exempla
1136 2691 1311 2757 recentiora

199 2796 318 2862 habent
338 2801 388 2862 τὸν
410 2795 576 2885 ἐφημέροις,
600 2821 681 2883 quae
703 2801 860 2884 scriptura
883 2802 952 2866 sola
974 2803 1020 2865 est
1041 2821 1127 2866 sana.
1169 2798 1309 2862 Primum

199 2903 283 2970 enim
305 2900 424 2991 ἡμέροις
446 2912 629 2990 corruptum
652 2929 716 2972 esse
734 2930 773 2972 ex
786 2906 943 2995 ἐφημέροις
960 2930 998 2972 ex
1011 2906 1198 2972 scholiastae
1212 2906 1310 2968 inter·

198 3013 376 3095 pretatione
407 3024 470 3086 τοῖς
501 3012 667 3099 ἀνθρώποις
699 3016 909 3101 cognoscitur.
964 3014 1024 3080 Sed
1061 3019 1097 3080 ut
1128 3015 1310 3080 omittamus

197 3118 381 3184 scholiastae
394 3121 610 3186 testimonium
623 3121 687 3186 iam
705 3122 803 3188 totius
826 3122 871 3186 rei
888 3121 1046 3188 sententia
1061 3121 1166 3186 obstat
1179 3117 1307 3210 ἡμέροις.

199 3223 262 3291 Suo
284 3247 359 3290 saue
381 3226 451 3292 loco
473 3230 552 3292 esset
575 3224 707 3315 ἡμέροις,
739 3229 765 3292 si
792 3228 875 3294 idem
902 3231 1039 3307 sonaret,
1063 3227 1147 3312 quod
1170 3225 1309 3314 ἡιερίοις,

197 3331 230 3394 id
266 3333 350 3415 quod
392 3334 432 3398 ab
472 3333 657 3400 Hermanno
694 3357 712 3400 e
748 3336 993 3418 compositorum
1033 3334 1308 3402 terminationibus

197 3435 354 3526 ἐρημέριος
399 3437 562 3528 ἐρὴρερος,
608 3441 742 3516 ἔκτοπος
787 3441 926 3518 ἔκτοπος,
973 3439 1116 3528 ἐγχώριος
1161 3440 1306 3527 έχχωρος,

197 3549 354 3632 παννὺχιος
384 3552 532 3634 πάννοχος
564 3549 602 3613 de
632 3531 825 3632 simplicibus
857 3549 974 3615 iniuria
1001 3549 1171 3635 colligitur.
1230 3548 1309 3612 Vide

197 3649 370 3719 Hermann.
412 3654 569 3720 adnotatt.
612 3655 651 3720 ad
694 3656 778 3722 hunc
815 3658 929 3722 locum.
991 3656 1038 3721 De
1074 3653 1207 3743 ἡμέροις,
1242 3677 1308 3739 quo

197 3761 351 3825 mansueti
373 3761 614 3847 intelleguntur,
639 3783 704 3829 non
723 3766 771 3828 est
790 3784 846 3828 eur
865 3762 979 3842 dicam,
1008 3784 1080 3828 cum
1106 3761 1307 3828 Hermannus

197 3864 278 3930 hanc
312 3867 576 3953 significationem
613 3869 671 3934 suh
712 3869 866 3936 adiectivo
898 3891 963 3936 non
995 3869 1168 3934 subiecerit.
1224 3869 1307 3945 Quid

196 3971 291 4037 ceteri
321 3972 406 4039 docti
437 3974 546 4042 furore
577 3977 776 4059 anapaestico
804 3977 888 4042 acti?
940 3975 1095 4042 Delernnt
1126 3976 1305 4053 articulum,

195 4101 258 4162 quo
281 4080 435 4146 exstincto
458 4084 491 4148 et
512 4081 652 4167 dignitas
675 4082 841 4148 verborum
869 4086 901 4147 et
930 4083 1070 4168 gravitas
1097 4081 1179 4148 lovis
1201 4084 1307 4147 nuntii

194 4186 220 4250 si
255 4207 321 4252 non
358 4187 496 4268 tollitur,
539 4192 574 4254 at
609 4190 773 4258 minuitur.
829 4188 1009 4256 Articulum
1044 4190 1128 4256 enim
1160 4189 1218 4254 eici
1253 4211 1306 4252 ve·

194 4295 266 4356 tant
289 4297 321 4358 et
344 4315 425 4376 quae
448 4296 638 4364 antecedunt
661 4300 693 4361 et
714 4300 764 4361 τὸν
786 4301 875 4382 πορὸς
899 4298 1040 4382 destas,
1067 4317 1147 4380 quae
1169 4317 1305 4379 sequun-

192 4401 262 4477 tur,
294 4398 408 4484 quibus
439 4400 619 4468 Promethei
651 4423 752 4470 mores
783 4407 816 4467 et
846 4425 927 4488 quae
957 4404 992 4468 in
1025 4402 1098 4468 deos
1129 4402 1306 4489 peccaverit
