3134 4998
705 265 723 326 5

89 461 265 547 Aeschyli
292 485 417 530 manus.
464 467 529 532 Sed
556 475 665 553 potest
692 470 836 535 dubitari
864 468 905 533 de
934 470 1030 536 verbo
1052 471 1207 552 θρεῦμαι,
1237 469 1325 553 quod

90 568 231 652 recepit
260 568 484 652 HermannuS,
517 575 573 657 qui
595 575 656 638 hoo
679 595 807 639 carmen
830 572 974 637 trochaei
1003 573 1141 636 sementi
1171 572 1323 655 pondere,

92 693 171 735 non
203 682 381 756 anapaesto
419 677 650 743 exordiendum
681 697 750 742 esse
780 676 926 741 adnotat.
988 674 1175 740 Dindorfius
1210 681 1323 741 eontra

92 778 258 842 lacunam
281 783 426 844 statuens
450 787 525 846 ante
547 778 695 866 θρέομαι,
719 779 781 845 hoc
797 777 991 844 vocabulum
1006 784 1182 842 extremam
1197 786 1324 862 partem

95 901 177 946 esse
202 879 283 947 dicit
304 881 459 964 dochmii,
483 905 578 967 quem
602 883 732 967 supplet
754 881 913 948 adieetivo
935 875 1067 946 νεόκοτα
1089 886 1164 946 ante
1186 879 1325 968 θρέομαι

94 986 240 1052 inserto.
351 965 359 988 ’

194 1087 401 1172 Quamquam
415 1111 474 1174 ego
491 1092 543 1155 vix
558 1093 637 1156 mihi
648 1089 872 1175 persuadeam,
889 1087 1131 1170 agrammatioo
1144 1085 1324 1169 Byzantino

97 1213 165 1275 pro
193 1187 333 1277 θρέομαι
360 1192 550 1258 insolentius
578 1194 709 1276 tragicis
735 1194 876 1274 θρτῦμαι
903 1209 973 1254 esse
1000 1189 1149 1273 positum.
1196 1189 1324 1256 Oedieis

59 1283 63 1290 ’
99 1295 194 1377 Aug.
218 1294 349 1376 quidem
376 1295 473 1360 lectio
502 1299 644 1382 θροῦμαι
673 1317 732 1379 per
761 1292 1014 1377 dittographiam
1036 1291 1163 1356 videtur
1186 1313 1254 1358 esse
1277 1295 1323 1359 in-

101 1397 298 1480 telligenda,
328 1398 375 1463 ita
402 1405 439 1463 ut
466 1399 564 1465 fuerit
590 1399 623 1463 in
651 1419 688 1463 eo
709 1397 809 1477 libro,
839 1418 856 1460 e
879 1415 943 1479 quo
964 1395 1051 1478 Aug.
1076 1401 1124 1459 est
1147 1394 1320 1478 derivatus,

99 1503 263 1586 θρεῦμαι,
287 1521 387 1584 supra
409 1499 574 1586 adscripto
598 1526 615 1567 ο
637 1501 678 1567 ah
701 1498 950 1584 interpolatore,
978 1504 1015 1563 ut
1037 1491 1238 1565 usitatiorem
1259 1498 1323 1566 for·

102 1625 194 1668 mam
215 1600 356 1688 θρέομαι
377 1605 580 1685 restitueret3
610 1627 631 1670 a
656 1604 791 1669 librario
813 1608 922 1668 autem
944 1623 1003 1685 per
1024 1622 1166 1666 errorem
1189 1625 1206 1666 ο
1227 1624 1287 1686 pro
1309 1625 1324 1668 e

102 1713 156 1771 est
183 1707 218 1770 in
246 1712 370 1771 textum
391 1715 567 1792 receptum.
611 1706 705 1792 Quae
735 1704 956 1789 dittographia
976 1705 1084 1770 nescio
1106 1725 1148 1768 an
1170 1704 1268 1769 fuerit
1290 1706 1323 1770 in

103 1807 284 1893 archetypo
314 1831 458 1895 quoque,
487 1817 524 1876 ut
550 1811 583 1876 in
614 1810 693 1875 alios
721 1809 846 1874 codices
867 1809 1007 1893 θρτῦμαι
1028 1807 1061 1871 in
1084 1808 1164 1872 alios
1184 1805 1323 1892 θρέομαι

102 1911 182 1977 inde
205 1918 361 1978 manaret.
407 1911 474 1980 Sed
496 1919 532 1978 ut
554 1908 661 1998 μεγάλ’
687 1907 747 2001 ἄχη
769 1933 833 1977 non
856 1910 968 1992 solum,
992 1909 1049 1975 sed
1072 1911 1170 1975 etiam
1184 1908 1323 1996 θρέομαι

103 2015 319 2098 depravatum
342 2015 384 2080 sit
406 2016 447 2080 ab
468 2018 716 2100 interpolatore,
746 2021 820 2080 sunt
842 2019 950 2078 tamen
971 2012 1112 2095 codices,
1135 2015 1322 2096 quiveram

104 2118 202 2182 huius
222 2139 332 2184 versus
353 2118 522 2185 lectionem
544 2120 594 2184 vel
616 2125 719 2185 totam
738 2119 789 2184 vel
811 2118 922 2200 aliqua
944 2138 983 2182 ex
1004 2129 1098 2201 parte
1113 2119 1320 2196 servaverint.

106 2221 213 2304 Atqui
242 2222 268 2286 si
290 2222 428 2287 universi
451 2229 582 2306 praeter
613 2223 716 2288 solum
738 2221 925 2287 ddedicenm
947 2222 1072 2304 experti
1094 2227 1201 2286 essent
1222 2222 1321 2286 inter·
1346 2283 1348 2288 ,

106 2325 319 2408 palationem,
348 2347 425 2389 num
456 2326 515 2390 hos
543 2326 670 2391 codices
697 2346 717 2390 a
739 2325 885 2390 Medioeo
909 2323 1064 2388 deductos
1087 2344 1156 2394 esse
1179 2346 1216 2391 eo
1240 2346 1323 2389 com-

108 2426 322 2510 probaretur?
365 2428 482 2494 Nonne
508 2434 617 2512 potest
642 2426 734 2510 fingi,
769 2425 849 2492 alios
876 2426 974 2492 fuisse
1011 2426 1150 2508 codices,
1180 2428 1235 2511 qui
1264 2430 1324 2494 etsi
1360 2419 1363 2424 ’

109 2529 228 2594 nullam
250 2551 323 2596 curn
341 2531 488 2596 Mediceo
510 2530 668 2596 haberent
690 2529 922 2613 cognationem,
946 2535 1055 2594 tamen
1076 2536 1174 2612 recte,
1197 2536 1233 2594 ut
1255 2531 1319 2612 ille,

107 2633 275 2698 traderent
307 2655 435 2699 versum
468 2631 606 2720 θρέομαι
639 2631 721 2697 eto?
772 2631 904 2714 Nonne,
938 2653 1013 2698 cum
1048 2632 1097 2698 his
1134 2635 1321 2718 posterioris

107 2738 223 2801 aetatis
244 2736 371 2801 librarii
393 2743 575 2817 uterentur,
605 2735 718 2801 eodem
739 2735 836 2800 modo
858 2737 964 2820 potnit
985 2735 1071 2818 fieri,
1101 2743 1139 2802 ut
1159 2737 1214 2802 alii
1235 2737 1323 2821 iique

108 2839 348 2922 religiosissimi,
371 2841 459 2904 velut
474 2841 550 2904 Par.
568 2841 608 2905 B.
632 2840 699 2908 Vit.
724 2839 824 2922 Lips,
847 2840 1008 2922 integram
1024 2841 1202 2906 retinerent
1223 2840 1323 2906 tradi-

108 2949 174 3007 tam
195 2942 378 3025 leotionem,
407 2943 477 3022 alii,
508 2944 563 3026 qui
591 2943 640 3008 vel
668 2948 807 3007 metrum
832 2942 1067 3009 emendandum
1089 2944 1139 3010 vel
1162 2943 1323 3010 adieetiva

110 3043 229 3133 φοβερὰ
255 3043 378 3130 μεγάλα
405 3046 569 3129 iungenda
598 3069 634 3110 τε
662 3044 824 3129 particula
854 3051 1038 3126 censerent,
1077 3052 1194 3131 poetae
1224 3045 1323 3111 verba

110 3147 360 3231 interpolarent?
419 3149 531 3214 Nullo*
551 3148 646 3213 modo
679 3148 779 3231 igitur
812 3147 874 3213 hoo
907 3154 1098 3231 argumento
1132 3148 1321 3214 Dindorfius

108 3251 266 3336 probavit,
291 3251 382 3316 codd.
406 3271 487 3316 recc.
511 3273 530 3316 a
552 3252 698 3318 Medieeo
722 3273 790 3317 esse
813 3251 984 3317 derivatos.

190 3353 306 3437 Neque
337 3353 402 3418 aha
432 3359 481 3418 est
510 3355 594 3420 ratio
625 3355 693 3420 eius
724 3355 788 3420 loci
820 3375 916 3439 quem
949 3353 1100 3440 deinceps
1131 3353 1322 3420 Dindorfius

111 3456 273 3522 tractavit:

190 3558 294 3626 Pers.
318 3563 405 3639 581,
429 3565 447 3624 2
477 3559 562 3625 inter
591 3553 731 3635 ἄπαιδες
753 3568 786 3627 et
807 3554 945 3643 δαιμόνι’
970 3554 1030 3648 ἔχη
1054 3559 1166 3625 literas
1190 3556 1246 3645 ἐρα
1266 3559 1322 3624 ad·

111 3661 190 3726 ditas
217 3661 317 3728 habet
345 3662 414 3727 cod.
437 3664 601 3730 Medieeus
625 3685 706 3747 quas
729 3663 903 3729 eliciendas
926 3683 996 3728 esse
1018 3663 1113 3728 docet
1133 3663 1217 3728 ratio
1240 3662 1322 3728 anti-

112 3765 280 3847 strophioa.
325 3765 391 3830 Pro
421 3762 477 3852 έρα
506 3767 605 3831 ceteri
635 3766 725 3831 codd.
749 3767 903 3833 exhibent
924 3761 1071 3854 έρρανται
1093 3766 1158 3830 sire
1182 3760 1320 3851 ἔρονται,

112 3865 193 3950 quod
214 3867 331 3932 iterum
353 3889 465 3934 ansam
486 3868 638 3952 praebuit
653 3869 823 3937 Dindorfio
844 3869 1105 3954 interpolationis
1121 3869 1322 3934 statuendae.

112 3970 234 4034 literas
262 3966 317 4053 ἐρα
347 3973 429 4036 enim
458 3972 624 4038 contendit
646 3973 813 4038 mutilatas
836 3995 906 4040 esse
928 3995 946 4038 e
968 3973 1065 4038 verbo
1088 3967 1211 4058 ἔρρουσι
1234 3971 1326 4055 quod'

114 4071 300 4154 archetypus
321 4072 461 4141 Medicei
490 4075 609 4142 codicis
638 4077 837 4162 adscriptum
865 4077 1032 4143 habuisset
1054 4077 1088 4140 in
1111 4076 1257 4158 margine
1278 4074 1321 4139 ad

113 4175 254 4240 lacunam
281 4177 433 4261 strophae
462 4201 490 4244 v.
521 4185 583 4244 568
612 4188 688 4247 ante
718 4178 807 4246 στένε
838 4173 1039 4264 explendam.
1092 4178 1158 4245 Sed
1186 4199 1258 4244 cum
1287 4177 1322 4242 in

114 4277 280 4360 archetypo
302 4279 437 4364 stropha
460 4287 493 4346 et
515 4284 720 4368 antistropha
735 4285 827 4348 iuxta
849 4289 958 4349 essent
975 4282 1112 4368 positae,
1129 4281 1321 4348 correctoris

114 4377 361 4462 adnotationem,
392 4403 476 4464 quae
506 4387 548 4451 ad
575 4387 743 4470 stropham
772 4386 963 4471 pertineret,
993 4385 1161 4469 irrepsisse
1183 4383 1217 4448 in
1239 4373 1322 4447 anti-

114 4481 277 4570 stropham.
324 4481 453 4556 Codicis
475 4488 612 4559 Medicei
635 4490 852 4578 corruptelam
875 4488 991 4558 deinde
1014 4493 1229 4576 propagatam
1248 4507 1319 4554 esse
