3134 4998
811 371 833 437 4

262 566 351 635 tione
374 572 460 635 caret
483 565 589 633 eadem
614 566 783 633 difficultas
805 568 839 632 in
862 570 1012 642 θεόσυτος,
1044 589 1115 632 cum
1142 567 1176 632 in
1199 565 1376 651 quadrisyl-

264 676 337 741 laba
360 676 443 741 hanc
466 675 625 740 licentiam
649 676 769 759 primus
788 675 931 738 dilatarit
945 675 1121 759 Sophocles,
1146 681 1182 738 ut
1195 675 1228 738 in
1243 673 1376 739 Philoet.

264 784 337 850 309.
358 783 544 868 προςέδσσαν,
563 783 657 849 1420.
675 781 835 858 ἀθάνατον,
857 780 932 847 Oed.
949 783 1022 865 Tyr.
1040 782 1134 848 1401.
1148 780 1249 857 ἐτὶετε,
1265 781 1374 866 Antig.

266 891 360 957 1083.
383 888 505 956 ἀνόσιον.
529 890 569 956 cf.
592 891 708 973 Rump.
726 889 747 957 l.
763 891 784 956 1.
799 912 830 973 p.
846 889 898 955 56.
937 887 1048 972 Neque
1070 888 1236 972 Euripides
1259 886 1376 953 utrius·

264 1020 325 1083 que
357 1001 504 1064 accentus
536 997 755 1063 convenientia
787 1018 853 1060 nou
886 997 995 1064 utitur.
1041 996 1227 1080 Rumpelius
1249 995 1376 1080 quidem

264 1103 378 1170 Philol.
402 1103 529 1184 XXIV,
559 1127 590 1188 p.
615 1105 688 1170 410.
719 1104 829 1169 laudat
853 1101 1003 1179 άδάνατσν,
1036 1100 1196 1179 ἀθάνατον,
1227 1103 1376 1188 διάδοχον,

264 1209 400 1287 ἀπέδοτο,
431 1213 600 1298 πιθόμενος.
647 1211 827 1276 Dolendum
851 1212 906 1290 est,
939 1208 1024 1293 quod
1051 1212 1193 1282 θεόσυτος
1219 1231 1375 1294 nusquam

263 1318 348 1402 apud
362 1317 552 1402 Aeschylum
576 1322 692 1394 exstat3
716 1316 800 1400 quod
815 1339 889 1382 vero
904 1317 938 1380 in
952 1340 981 1383 ν.
996 1318 1069 1384 643.
1085 1318 1202 1403 legitur
1217 1318 1376 1381 θεόσσυτον

262 1427 407 1490 litteras
430 1425 600 1511 geminata,
633 1425 811 1490 luculenter
832 1423 1040 1510 intellegitur,
1074 1446 1171 1507 quam
1201 1424 1294 1489 facile
1320 1423 1376 1488 illa

199 1511 205 1530 ¹
264 1532 396 1597 offensio
421 1533 532 1597 evitari
555 1533 703 1616 potuerit.

351 1639 524 1703 Alterius
545 1639 642 1703 iambi
656 1639 756 1704 vicem
770 1638 817 1703 bis
829 1637 981 1702 tribrachi
995 1639 1116 1718 tenent,
1139 1659 1274 1720 quorum
1290 1637 1376 1721 prior

261 1747 296 1811 in
319 1769 348 1812 ν.
374 1746 447 1813 715.
471 1743 583 1810 οἰκοῦσι
605 1744 740 1830 Χάλυβες
768 1746 813 1810 ita
836 1745 1052 1810 conformatus
1074 1747 1130 1824 est,
1163 1747 1200 1809 ut
1223 1744 1299 1808 arsis
1322 1765 1376 1808 ex·

263 1849 369 1937 pressa
400 1853 440 1916 sit
470 1852 584 1918 ultima
615 1853 737 1936 syllaba
768 1853 853 1919 vocis
885 1873 1094 1938 praegressae,
1126 1851 1223 1916 thesis
1256 1851 1376 1915 duabus

264 1958 422 2044 prioribus
444 1961 616 2044 proximae.
660 1959 717 2024 oui
739 1960 873 2024 similem
896 1959 1179 2025 conformationem
1203 1957 1376 2041 deprehen·

263 2067 365 2132 dimus
387 2067 421 2132 in
435 2065 518 2132 Pers.
538 2068 612 2133 318.
635 2070 688 2130 καὶ
709 2063 816 2147 Μάγος
831 2064 978 2150 Ἄραβος.
1017 2066 1108 2131 Alter
1129 2063 1307 2129 tribrachus
1331 2068 1376 2128 est

262 2175 296 2238 in
320 2196 347 2241 v.
373 2175 444 2240 162.
467 2184 562 2250 τεοῖσι,
586 2174 658 2260 δίχα
680 2196 712 2254 γε
734 2170 819 2250 Διός;
843 2169 859 2237 δ
883 2171 1052 2246 δ’ὲπυιότιυς
1076 2171 1130 2248 del,
1153 2172 1204 2237 cui
1227 2171 1376 2236 antistro-

263 2281 355 2365 phiee
383 2281 551 2364 respondet
577 2279 652 2368 έμὰς
680 2282 711 2344 δὲ
734 2287 840 2370 φρένας
863 2279 975 2366 ἐρέθισε
1006 2277 1140 2366 (ἠρέθισε
1163 2277 1211 2362 Μ)
1244 2280 1376 2364 διάτορος

264 2390 366 2477 φόβος.
404 2387 464 2454 Sed
487 2390 521 2454 in
544 2389 753 2454 solutionibus
774 2389 861 2454 tertii
885 2397 917 2453 et
939 2387 1045 2471 quarti
1067 2387 1155 2472 pedis
1177 2392 1376 2472 pertracten-

263 2494 311 2560 dis
334 2517 373 2560 ne
397 2495 521 2560 eosdem
543 2517 648 2561 versus
671 2499 822 2580 repetam,
854 2495 919 2560 iam
949 2495 1001 2560 hic
1027 2495 1244 2578 quaestionem
1267 2493 1305 2559 de
1328 2493 1377 2558 his

262 2602 414 2668 trimetris
444 2602 562 2667 melicis
593 2603 762 2687 perficiem.
808 2602 846 2665 Iu
870 2625 899 2669 v.
925 2604 1001 2694 181ο
1030 2601 1231 2666 Hermaunus
1262 2599 1375 2667 codicis

263 2707 395 2774 Medicei
417 2709 606 2793 scripturam
629 2707 747 2795 ἠρέθισε
769 2708 906 2773 servavit
928 2709 1059 2774 mutatis
1082 2714 1118 2774 ut
1141 2709 1377 2794 responsionem

262 2816 443 2880 restitueret
473 2817 507 2880 iu
539 2815 671 2899 strophe
703 2838 739 2896 γε
770 2811 853 2889 Διὸς
884 2816 916 2879 in
949 2825 1033 2896 γοῦν
1055 2815 1141 2889 ἑνός.
1192 2815 1313 2880 Iniuria
1343 2813 1377 2879 id

263 2921 403 3009 quidem
441 2945 543 3007 neque
575 2923 658 2989 enim
690 2927 749 3002 est,
783 2946 838 2988 cur
876 2923 1152 3008 ,elegantissimum
1184 2925 1375 3001 trimetrum,

263 3052 356 3114 quem
388 3029 519 3114 praebet
551 3031 644 3095 lectio
672 3031 812 3117 vulgate’
846 3031 906 3095 hac
937 3031 1116 3095 coniectura
1147 3031 1375 3114 perturbemus,

262 3159 334 3202 cum
358 3137 396 3201 de
419 3137 641 3222 antistrophici
663 3159 769 3202 versus
791 3137 975 3224 integritate
997 3137 1088 3202 valde
1110 3137 1208 3221 possit
1227 3135 1375 3204 dubitari.

262 3243 389 3330 Tragici
412 3245 497 3309 euim
519 3247 607 3311 tertii
629 3245 717 3330 pedis
740 3245 867 3329 dactylo
891 3248 1035 3324 utuntur,
1068 3247 1122 3330 qui
1147 3243 1267 3310 duabus
1289 3244 1376 3320 voci-
1495 3269 1496 3276 ¹

261 3350 320 3416 bus
356 3352 645 3436 comprehenditur,
682 3354 727 3417 sic
758 3353 875 3419 πολλῶν
907 3349 1067 3437 ὀνομάτων,
1105 3351 1236 3416 ἀτλάτου
1272 3352 1376 3433 βέλεσι,

262 3458 403 3543 dactylos
433 3481 506 3524 vero
538 3481 576 3524 ex
604 3480 668 3525 uno
692 3460 845 3525 vocabulo
868 3442 1056 3544 cdmpositos
1077 3481 1180 3544 neque
1202 3457 1377 3544 Aeschylus

261 3587 363 3648 neque
386 3565 558 3650 Sophocles
580 3570 746 3651 urrurpato
769 3567 948 3634 volucrunt.
993 3565 1105 3646 Primi,
1134 3589 1215 3650 quae
1241 3567 1276 3630 iu
1303 3565 1376 3631 dec-

261 3671 329 3756 tylo
361 3673 589 3739 conformando
622 3670 744 3759 regnat,
782 3673 883 3758 legem
917 3673 1115 3739 violaverunt
1145 3673 1312 3758 Euripides
1342 3673 1375 3737 iu

261 3777 377 3843 fabulis
390 3780 564 3844 novissimis
584 3785 615 3846 et
633 3781 747 3865 tragici
760 3782 906 3860 nunores,
929 3787 967 3846 ut
982 3781 1095 3847 Bacch.
1112 3782 1186 3848 278.
1210 3782 1243 3854 ὃς
1257 3778 1377 3868 δ’ἠλθεν

261 3882 308 3948 ἐπὶ
329 3882 512 3962 τάντάταλον,
535 3887 602 3954 lon.
627 3888 678 3953 60.
702 3887 731 3951 οἳ
751 3899 805 3975 γῆν
828 3887 928 3974 έχουσ’
952 3885 1093 3970 Ecetrae,
1117 3887 1188 3972 lph.
1203 3888 1278 3953 Aul.
1302 3888 1375 3954 846.

262 3989 353 4078 ἄμφω
376 3995 431 4077 γάρ
454 3987 488 4056 cir
512 3993 688 4080 ψευδόμεθα.
723 3995 763 4060 cf.
787 3995 903 4079 Rump.
929 3994 1043 4059 Philol.
1068 3993 1168 4074 XXV,
1192 4017 1222 4078 p.
1246 3996 1298 4074 58,
1321 3993 1377 4058 ubi

261 4119 368 4162 omues
391 4097 463 4178 loci,
496 4101 551 4184 qui
574 4102 636 4165 hue
658 4107 813 4185 spectant,
846 4102 967 4167 collecti
1000 4106 1032 4168 ct
1064 4101 1141 4167 editi
1162 4106 1245 4169 sunt.
1290 4101 1376 4178 Quae

261 4225 333 4268 cum
354 4204 401 4268 ita
422 4206 495 4284 sint,
520 4227 556 4272 co
580 4207 670 4272 labor
685 4212 722 4272 ut
739 4209 778 4272 iis
791 4210 953 4288 assentiar,
978 4209 1033 4293 qui
1056 4231 1115 4293 pro
1138 4205 1256 4296 ἠρέθισε
1278 4210 1377 4293 scrip·

259 4315 369 4378 serunt
392 4309 514 4398 ἐρέθισε,
547 4315 604 4379 etsi
632 4322 839 4402 augmentum
861 4318 1036 4402 temporale
1059 4317 1144 4402 quod
1167 4319 1282 4383 dicitur
1304 4339 1377 4402 per·

260 4438 333 4486 raro
356 4419 526 4487 omittitur.
573 4421 749 4489 Tribracho
779 4423 823 4490 sic
852 4427 933 4507 orto,
965 4425 1021 4511 qui
1044 4429 1076 4491 et
1098 4427 1164 4513 ipse
1186 4426 1376 4491 rarissimam
