3134 4998
790 255 829 316 10

206 449 366 541 ἐτόλμησα
395 475 453 519 nec
481 454 598 543 τολμῇς
623 457 748 542 legisse,
777 459 833 524 sed
860 454 992 545 τόλμης,
1023 457 1110 542 quod
1137 479 1158 522 a
1179 455 1347 522 nonnullis
1380 460 1431 520 est

206 557 372 622 traditum.
416 557 568 642 Apparet
589 561 703 642 igitur,
731 560 794 626 iam
817 562 1004 646 priusquam
1033 561 1134 626 codex
1154 557 1322 624 Mediceus
1352 581 1428 624 con·

207 661 365 741 ficeretur,
390 665 456 726 tres
478 661 576 728 fuisse
598 662 694 729 huius
709 664 771 729 loci
785 667 893 731 varias
907 665 1070 745 lectiones,
1093 685 1231 748 quarum
1253 663 1338 728 duas
1355 683 1428 725 cum
1520 685 1521 688 ¹

206 765 329 848 legeret
349 763 500 830 librarius
515 765 600 832 Med.
624 767 690 832 sive
711 768 744 831 in
760 770 904 852 margine
927 769 991 832 sive
1007 769 1091 832 inter
1113 767 1215 832 lineas
1230 764 1428 848 adscriptas,

207 866 405 932 confundens
428 865 463 932 δὲ
484 864 602 956 τόλμρς
630 877 662 934 et
684 865 712 934 δ’
736 866 882 960 ἕτόλμηά
908 871 1053 936 exaravit
1081 866 1117 934 δὲ
1138 863 1280 956 τόλμηά.
1326 868 1428 932 Recc.

194 971 282 1036 'vero
316 970 442 1037 librarii
475 971 590 1037 harum
632 971 806 1039 lectionum
842 996 941 1040 unam
978 973 1153 1038 alteramve
1190 993 1247 1036 suo
1285 969 1429 1036 arbitrio
1521 989 1522 994 ¹

208 1073 382 1158 elegerunt.
427 1074 615 1140 Deteriores
643 1083 753 1142 autem
780 1075 874 1142 huius
903 1077 966 1142 loci
991 1077 1145 1142 lectiones
1170 1074 1244 1140 inde
1272 1073 1430 1138 videntur

208 1199 276 1243 esse
304 1183 410 1258 ortae,
438 1178 514 1261 quia
541 1180 743 1261 grammatici
773 1179 977 1247 offenderunt
1001 1181 1034 1244 in
1056 1178 1229 1262 asyndeto,
1258 1197 1324 1261 quo
1349 1196 1430 1240 usus

208 1285 257 1345 est
279 1279 470 1366 Aeschylus.

293 1383 402 1468 Sept.
428 1389 498 1449 731
529 1384 630 1450 habet
657 1385 820 1452 Mediceus
850 1379 1003 1469 ἀβουλίαν
1031 1383 1088 1450 sed
1113 1384 1228 1449 ultima
1255 1382 1356 1448 litera
1380 1383 1429 1446 in·

209 1492 308 1568 certa,
329 1509 411 1554 rece.
434 1487 596 1572 plerique:
642 1484 787 1576 ἀβουλίᾳ,
814 1489 960 1554 nonnulli
982 1483 1150 1570 ἀβουλίαις
1171 1487 1237 1552 sive
1261 1479 1428 1568 ἀβουλίας.

210 1590 419 1673 Scripserunt
447 1586 602 1672 ἀβουλιᾶν
632 1590 822 1657 Dindorfius
852 1598 884 1656 et
912 1589 1146 1656 Kirchhosfius.
1207 1591 1296 1655 Dicit
1325 1589 1430 1672 igitur

209 1692 362 1775 Sorcfius,
394 1694 562 1760 librarium
594 1694 712 1760 codicis
748 1693 792 1759 A.
826 1716 844 1759 e
876 1695 961 1760 Med.
997 1687 1132 1780 ἀβουλίᾳ
1170 1695 1331 1777 recepisse
1367 1714 1428 1777 pro
1523 1715 1524 1732 ς

209 1790 371 1880 ἀβουλίαν,
406 1799 493 1882 quod
521 1799 652 1881 propius
679 1797 807 1862 abesset
835 1820 855 1862 a
881 1819 958 1862 vera
982 1798 1118 1863 lectione
1145 1791 1306 1880 ἀβουλιᾶν.
1355 1794 1424 1863 Sed

208 1902 347 1985 primum
376 1922 440 1965 non
463 1906 590 1966 constat
617 1901 658 1965 ab
687 1901 758 1984 ipsc
778 1901 942 1985 Aeschylo
970 1902 1125 1984 scriptum
1156 1920 1224 1965 esse
1247 1892 1424 1981 ἀβοι·λιᾶν;

208 2025 285 2068 nam
314 2004 401 2087 quod
430 2003 585 2084 editoreS,
612 2005 639 2068 si
667 2010 753 2068 recte
781 2005 942 2088 intelligo,
974 2006 1245 2088 interpretantur:
1297 2001 1428 2082 „vietus
1524 2088 1525 2092 Ἰ

210 2106 296 2170 dulci
319 2106 477 2186 insaniae
501 2128 621 2187 vereor,
644 2113 681 2170 ut
696 2107 746 2171 his
762 2107 868 2172 verbis
883 2107 1064 2190 Aeschylus
1088 2115 1300 2190 expressurus
1314 2103 1426 2182 fuerit,
1524 2095 1525 2100 ί

210 2209 287 2291 quia
308 2203 442 2291 ἀβουλία
464 2231 528 2272 non
552 2215 601 2273 est
623 2209 749 2272 insania
775 2209 832 2274 sed
854 2211 978 2292 pariter
1004 2231 1050 2274 ac
1064 2204 1187 2294 ἀπορία
1208 2208 1318 2290 inopia
1346 2227 1424 2271 con·

209 2311 289 2391 silii3
311 2333 350 2375 ac
372 2334 411 2377 ne
433 2333 514 2376 rece.
537 2313 666 2394 quidem
690 2313 843 2378 lectiones
864 2313 1012 2382 idoneam
1034 2313 1192 2396 praebent
1214 2311 1425 2376 sententiam·

210 2414 428 2499 Quamobrem
458 2416 555 2480 altius
583 2416 685 2480 latere
713 2415 840 2481 videtur
862 2417 1055 2500 corruptela,
1084 2417 1145 2496 cui,
1168 2416 1247 2498 quid
1268 2414 1425 2481 iacerent.

210 2541 282 2582 cum
310 2519 499 2601 ignorarent
525 2519 649 2584 librarii
677 2519 731 2583 alii
762 2520 850 2584 aliud
874 2521 1087 2584 coniecerunt.
1132 2517 1270 2600 Deinde,
1295 2515 1426 2582 etiamsi

211 2622 434 2702 concedamus,
457 2623 664 2705 integriorem
687 2644 784 2704 quam
799 2621 917 2687 codicis
934 2622 977 2686 A.
994 2641 1063 2685 esse
1078 2619 1216 2686 Medieei
1238 2620 1423 2698 lectionem,

210 2731 319 2789 tamen
347 2731 454 2808 potest
484 2725 630 2808 cogitari,
661 2719 813 2807 ἀβουλίαν
841 2725 906 2788 iam
935 2724 1086 2790 hahuisse
1112 2723 1203 2789 illum
1224 2724 1377 2803 codicem,
1410 2743 1426 2784 e

211 2850 276 2913 quo
299 2835 332 2893 et
351 2827 437 2892 Med.
462 2834 494 2891 et
515 2828 557 2892 Α.
581 2833 761 2907 manarent,
785 2828 952 2892 librarium
974 2834 1081 2892 autern
1097 2829 1140 2892 A.
1164 2825 1207 2890 ad
1229 2828 1426 2890 sententiam

212 2937 376 3014 utcunque
401 2929 624 3022 corrigendam
654 2931 818 3014 scripsisse
841 2924 975 3020 ἀβουλίᾳ
1000 2953 1060 3014 pro
1083 2924 1244 3014 ἀβουλίαν.
1287 2928 1344 2994 Ad
1373 2950 1427 2992 ex·

210 3039 347 3099 tremum
370 3031 509 3116 denique
534 3055 597 3098 non
622 3039 671 3098 est
686 3035 795 3117 magni
810 3033 992 3099 faciendum
1008 3033 1094 3116 quod
1109 3031 1251 3100 Sorofius
1266 3032 1299 3096 in
1314 3031 1426 3096 codice

211 3136 357 3202 Mediceo
379 3137 537 3200 incertam
560 3157 627 3201 esse
643 3136 791 3203 ultimam
812 3135 940 3201 literam
955 3139 1041 3201 vocis
1064 3131 1216 3219 ἀβουλίαν
1237 3135 1325 3216 dicit,
1349 3134 1425 3219 quia

210 3242 324 3308 literae
347 3264 364 3303 ν
386 3245 419 3304 et
440 3263 453 3302 ι
474 3246 608 3322 propter
629 3239 804 3305 formarum
826 3239 1067 3304 similitudinem
1092 3240 1218 3322 saepius
1244 3261 1264 3303 a
1290 3237 1424 3304 librario

209 3344 356 3410 Mediceo
378 3347 453 3407 sunt
475 3342 636 3407 confusae.
660 3380 701 3388 -
718 3342 783 3409 Sed
798 3343 878 3407 haec
893 3341 1049 3407 hactenus
1068 3343 1107 3408 de
1122 3342 1425 3426 interpolationibus

211 3447 357 3512 codicum
380 3465 461 3510 recc.
485 3444 603 3527 quibus
625 3445 696 3509 illos
719 3466 735 3508 e
758 3445 904 3512 Mediceo
927 3447 1088 3511 derivatos
1111 3467 1179 3511 esse
1209 3443 1423 3511 demonstrari

208 3571 303 3635 posse
325 3547 470 3615 Sorofius
491 3546 623 3612 iudicat.
668 3548 796 3613 Deinde
819 3547 864 3632 (p.
888 3548 933 3635 9.)
957 3549 1150 3613 sententiam
1172 3571 1263 3613 suam
1286 3570 1323 3614 eo
1346 3548 1424 3614 dicit

209 3653 340 3734 firmari,
364 3651 451 3736 quod
472 3673 703 3733 nonnunquam
725 3653 851 3735 glossae
874 3651 907 3715 in
930 3651 1000 3717 eod.
1016 3651 1163 3718 Mediceo
1186 3653 1421 3735 superscriptae
1521 3671 1523 3678 ·

209 3758 259 3822 vel
281 3756 463 3839 adscriptae
477 3776 497 3818 a
512 3755 723 3838 grammatico
744 3777 824 3820 rece.
841 3755 875 3818 in
890 3754 1045 3839 Aeschyli
1067 3755 1166 3820 verba
1177 3761 1326 3839 receptae
1341 3755 1415 3819 sint.

211 3861 313 3927 Cuius
333 3859 381 3923 rei
402 3859 482 3923 haec
504 3858 650 3941 exempla
671 3856 779 3922 affert:

295 3962 422 4027 Prom.
447 3964 535 4024 559:
580 3957 613 4024 ἐν
641 3956 820 4047 ποτρίνοισι
848 3962 1068 4044 superscripto
1098 3981 1202 4028 asec.
1234 3963 1419 4034 menoccle

209 4059 323 4151 ὀρείοις
344 4063 430 4129 Med.
454 4060 487 4128 ἐν
510 4059 688 4148 πετρίνοιοι
711 4067 778 4139 τοῖς
798 4058 924 4149 ὀρείοις.
947 4063 990 4128 Α.

296 4167 399 4250 Sept.
426 4170 505 4231 112.
550 4165 586 4231 ἀὲ
607 4188 704 4252 supra
725 4168 888 4250 adscripto
910 4163 970 4253 γὰρ
991 4164 1076 4232 Med.
1102 4162 1161 4250 γὰρ
1182 4187 1241 4250 pro
1264 4163 1299 4230 de*
1321 4165 1363 4232 A.

296 4270 398 4354 Sept.
423 4273 495 4334 702.
539 4271 573 4334 in
602 4271 746 4352 margine
774 4270 893 4337 codicis
915 4269 1054 4336 Medicei
1083 4275 1133 4334 est
1153 4269 1378 4352 interpretatio
1401 4259 1421 4331 ἃ

211 4369 270 4459 γὰρ
291 4370 413 4458 νύκτωρ
433 4371 688 4460 παρεκελεύσατο
707 4371 765 4438 καὶ
784 4371 898 4458 γέγονε,
916 4393 1014 4456 quam
1029 4377 1104 4458 post
1118 4396 1147 4438 v.
1166 4377 1226 4438 702
1249 4373 1282 4437 in
1298 4377 1420 4438 textum

210 4475 333 4558 recepit
353 4472 504 4541 librarius
527 4474 568 4541 A.
