3134 4998
747 191 786 264 ld

164 408 295 471 omnino
326 428 422 471 sensu
453 413 576 490 careat,
606 406 888 491 interpolationem
919 426 1122 488 nequaquam
1154 389 1291 486 redolet,
1322 413 1381 489 per'

168 510 421 594 dittographiam
451 514 557 574 ortum
588 532 669 592 esse,
701 511 746 574 sic
777 509 923 592 quidem,
954 516 990 574 ut
1017 508 1169 573 librarius
1198 507 1280 589 Vit,
1309 529 1381 572 eum

163 647 286 730 legeret
315 649 348 711 in
371 668 428 711 suo
451 648 533 712 libro
561 618 692 736 πῖόόπει,
722 669 781 730 per
808 646 1039 729 negligentiam
1066 646 1176 710 literas
1200 668 1238 729 εμ
1261 665 1321 729 pro
1349 667 1382 731 ρε

166 749 335 831 reciperet.
380 748 471 834 Quae
495 753 630 816 sirecte
653 755 729 814 sunt
751 750 907 832 exposita,
930 749 1038 832 colligi
1060 753 1184 831 potest,
1214 747 1383 813 librarium

167 851 335 934 archetypi
362 853 427 917 iam
449 847 558 928 αὐτοῖς
579 877 639 937 pro
661 875 740 940 σφιν
760 852 940 935 scripsisse,
971 851 1028 914 sed
1051 848 1091 934 ἐμ
1112 852 1384 934 praepositionem

171 975 271 1038 supra
292 955 411 1020 lineam
431 957 612 1022 retinuisse.
643 956 814 1021 Librarius
829 954 994 1020 Mediceus
1017 955 1122 1019 solum
1136 948 1245 1028 αὐτοῖς
1261 950 1383 1040 πρέπει

166 1056 352 1140 descripsit,
380 1059 414 1122 in
442 1059 511 1124 cod.
540 1057 583 1124 A.
607 1080 681 1124 vero
711 1057 825 1123 literae
856 1054 895 1138 ἐμ
918 1077 1044 1139 quoque
1076 1079 1200 1122 summa
1223 1078 1296 1122 cum
1316 1054 1381 1120 fide

170 1181 268 1242 supra
305 1158 428 1248 πρέπει
465 1168 558 1227 erant
594 1160 777 1243 adscriptae
819 1165 852 1224 et
887 1160 991 1224 latent
1028 1161 1212 1226 etiamnunc
1245 1158 1278 1222 in
1315 1157 1383 1224 Vit.

174 1262 320 1328 lectione.

252 1365 363 1430 Pers.
392 1367 466 1427 783
495 1364 541 1428 sic
566 1365 600 1430 in
628 1365 718 1430 Med.
743 1370 792 1430 est
819 1365 973 1448 scriptus:
1008 1361 1127 1450 Ξέρξης
1149 1357 1180 1426 d’
1205 1359 1281 1446 ἐμὸς
1304 1365 1386 1437 παῖς

167 1461 236 1542 νόος
259 1464 320 1530 ἐὼν
341 1463 396 1532 νέα
418 1468 528 1553 φρονεῖ
549 1489 630 1554 rece.
653 1489 729 1534 vero
752 1490 862 1534 omnes
884 1468 1006 1535 habent
1028 1461 1072 1530 ὢν
1093 1487 1152 1549 pro
1175 1462 1245 1530 ἐὼν.
1289 1465 1387 1532 Hunc

173 1589 301 1634 uersum
324 1575 474 1652 corrupte
498 1590 565 1634 esse
588 1571 621 1634 in
644 1571 731 1636 Med.
752 1571 919 1651 traditum,
944 1570 994 1635 vel
1015 1569 1119 1653 primo
1144 1568 1260 1633 obtutu
1283 1569 1387 1652 quivis

170 1671 277 1749 videt;
313 1692 389 1735 nam
418 1673 635 1757 participnum
658 1669 727 1754 ἓὼν,
750 1675 998 1738 usitatissimum
1023 1673 1179 1753 Homero,
1208 1693 1228 1736 a
1255 1673 1388 1754 tragicis

174 1775 278 1857 poetis
301 1773 442 1838 alienum
459 1782 522 1853 est3
546 1776 662 1840 deinde
686 1797 855 1841 commune
878 1781 927 1840 est
950 1775 1099 1842 omnibus
1123 1774 1287 1841 codicibus
1308 1772 1389 1838 illud

129 1941 130 1946 ,
175 1877 308 1959 vitium,
338 1877 423 1959 quod
449 1878 483 1942 in
507 1879 622 1961 quinta
644 1879 763 1942 senarii
786 1877 861 1942 sede
883 1878 1105 1962 pyrrhichium
1126 1900 1185 1962 pro
1208 1877 1314 1943 iambo
1337 1898 1389 1942 ex·

175 1979 298 2045 hibent.
343 1979 412 2044 Alii
441 1980 535 2045 aliter
558 2003 673 2046 sanare
695 1981 909 2064 corruptelam
932 1980 1136 2045 studuerunt.
1180 1981 1390 2046 Hermannus

172 2087 300 2147 secutus
332 2088 381 2146 est
407 2082 617 2164 Meinekium,
646 2085 702 2167 qui
729 2085 858 2168 scripsit
885 2079 970 2158 ἕνεὸς
996 2077 1040 2146 ὢν
1067 2079 1138 2148 ἕνεὰ
1162 2086 1280 2171 φρονεῖ.
1325 2082 1390 2148 Sed

174 2208 239 2250 non
264 2185 404 2250 debebat
426 2185 523 2250 abiici
545 2186 739 2251 adiectivum
762 2183 839 2265 νέος,
864 2186 951 2268 quod
973 2207 1045 2250 eum
1060 2187 1182 2252 Darius
1203 2187 1272 2269 ipse
1296 2205 1393 2248 senex

174 2288 214 2352 de
237 2287 367 2352 iuvenili
382 2287 505 2352 Xerxis
528 2289 711 2353 temeritate
734 2289 897 2371 loquatur,
921 2289 1040 2370 optime
1063 2289 1124 2354 hoc
1146 2290 1217 2354 loco
1234 2310 1268 2353 se
1283 2288 1393 2354 habet.

175 2391 353 2455 Praeterea
381 2395 431 2454 est
460 2392 681 2474 cogitandum,
708 2391 866 2473 tragicos,
894 2391 927 2454 in
956 2393 1069 2473 quinta
1098 2393 1216 2456 senarii
1239 2390 1314 2456 sede
1336 2391 1393 2454 tri·

178 2492 335 2558 brachum
358 2491 535 2573 admisisse,
560 2514 598 2558 ea
620 2493 700 2576 lege,
725 2493 809 2557 utin
825 2492 888 2558 fine
904 2515 1014 2558 versus
1030 2500 1188 2576 ponerent
1202 2493 1393 2560 vccabulum

178 2594 465 2678 quadrisyllabum,
489 2594 577 2660 velut
599 2597 693 2660 Eum.
714 2598 755 2659 41
780 2589 878 2680 όίνόρα
901 2599 1053 2683 θεομυσῆ.
1090 2596 1270 2662 'Turnebus
1291 2617 1395 2661 emen-

177 2698 266 2762 davit
290 2690 335 2760 ὢν
356 2693 432 2776 νόος,
456 2697 606 2762 lllonkius
630 2698 768 2780 denique
791 2699 847 2780 qui
871 2705 1067 2763 commutato
1090 2699 1202 2764 ordine
1224 2699 1395 2764 verborum

181 2802 291 2886 φρονεῖ
312 2796 367 2864 νέα
390 2800 519 2883 scripsit
540 2801 711 2884 perfecisse
734 2800 813 2864 mihi
836 2801 963 2866 uidetur
986 2803 1251 2868 emendationem.

268 2901 333 2967 Sed
364 2901 523 2984 quidquid
553 2909 731 2968 statuemus
759 2902 799 2966 de
833 2903 895 2967 hoc
927 2904 1014 2986 locu,
1048 2927 1112 2970 non
1146 2906 1273 2971 videtur
1301 2923 1396 2987 posse

180 3005 338 3086 dubitari,
370 3005 448 3087 quin
476 3005 628 3070 habuerit
659 3005 852 3089 archetypus
882 3003 950 3080 νόος
979 3001 1023 3070 ὢν
1052 3005 1108 3070 νὲα
1139 3011 1256 3095 φρονεῖ.
1301 3004 1398 3090 Quod

181 3130 252 3172 curn
276 3109 436 3191 reciperet
457 3107 608 3172 librarius
631 3107 689 3189 A.,
713 3106 800 3172 Med.
824 3115 860 3173 ut
882 3110 1058 3192 corrigeret
1080 3117 1233 3191 metrum,
1261 3101 1420 3174 homeri-v

184 3231 254 3275 eam
276 3211 413 3275 formam
434 3211 581 3274 trimetro
603 3209 722 3274 intulit.

269 3313 377 3377 Pers.
402 3317 476 3377 946
506 3319 555 3378 est
581 3313 615 3378 in
636 3312 723 3377 Med.
756 3311 797 3378 G.
821 3311 889 3381 Vit.
921 3313 992 3378 aliis
1012 3313 1104 3379 libris
1133 3309 1210 3378 τόδε
1231 3308 1259 3378 c'
1283 3309 1398 3377 ἐπανέ-

187 3440 298 3504 ρομαις
320 3417 421 3481 habet
443 3413 640 3502 ἕπανερόμαι
663 3415 754 3498 Lips
778 3411 986 3501 ἕπανέραιμαι
1016 3417 1094 3481 Par.
1117 3417 1157 3481 B.
1181 3413 1401 3503 ἑπαναιρόμην

184 3520 258 3585 Par.
281 3520 324 3584 A.
370 3520 491 3584 Latere
513 3521 626 3583 vitium
650 3519 683 3582 in
706 3517 803 3582 verbo
827 3514 1023 3604 ἕπανὲρομαι
1046 3519 1119 3584 inde
1143 3526 1290 3604 apparet,
1314 3518 1400 3602 quod

185 3645 204 3688 a
226 3625 326 3706 stirpe
350 3626 417 3703 ΕΡ,
442 3622 484 3686 ad
508 3645 605 3705 quam
627 3622 769 3704 pertinet
788 3621 925 3685 aoristus
952 3616 1077 3709 ἠρόμην,
1101 3624 1280 3705 praesentis
1296 3622 1400 3687 forma

186 3721 296 3811 ἔραμαι
327 3745 487 3807 nusquam
515 3731 564 3789 est
592 3724 730 3806 tradita,
761 3724 823 3787 nisi
852 3723 939 3806 quod
967 3719 1091 3808 εἴρομαι
1120 3726 1212 3808 spica
1240 3731 1272 3790 et
1294 3725 1399 3789 ionica

187 3826 326 3892 dialecto
348 3833 532 3911 usurpatur.
578 3827 688 3912 Quare
712 3847 821 3890 ornnes
845 3827 983 3892 editores
1006 3834 1199 3911 receperunt
1221 3828 1401 3893 Wellaueri

193 3929 448 3994 emendationem
485 3927 696 4016 ἐπανερόμαν.
762 3928 891 3994 Habuit
936 3936 1044 3996 autem
1081 3930 1275 4016 archetypus
1318 3935 1404 3995 recte

190 4030 406 4119 ἐπανερόμανι
431 4033 487 4097 sed
509 4057 527 4095 ν
548 4033 643 4098 litera
665 4054 729 4097 non
752 4032 830 4096 satis
852 4039 1003 4098 accurate
1026 4040 1171 4117 exarata,
1194 4042 1231 4099 ut
1254 4033 1406 4100 confundi

191 4142 301 4218 posset
324 4157 396 4200 cum
418 4136 512 4201 litera
535 4161 557 4200 ι.
601 4138 647 4202 Ει
662 4137 748 4202 Med.
772 4141 804 4200 et
824 4135 866 4199 A.
880 4135 1004 4214 librarii
1027 4136 1176 4220 legerunt
1198 4133 1405 4223 ἐπανερόμαν,

196 4239 252 4302 sed
276 4260 347 4302 curn
370 4238 456 4302 Meo
481 4245 649 4304 accentum
673 4239 714 4303 ad
737 4238 1046 4319 antepaenultimam
1068 4240 1258 4319 retraheret,
1283 4241 1325 4302 A.
1349 4260 1406 4301 suo

191 4340 262 4406 loco
286 4341 429 4425 positum
451 4342 594 4405 retinuit.
639 4342 735 4408 Solus
765 4345 874 4404 autem
896 4341 986 4424 Lips.
1014 4363 1086 4405 cum
1108 4363 1190 4406 recc.
1213 4341 1279 4406 fere
1298 4362 1407 4404 ornnes

193 4449 361 4507 accentum
385 4450 645 4526 transponerent,
669 4444 787 4508 codicis
802 4444 845 4507 A.
861 4444 1030 4508 lectionem
1054 4468 1117 4509 nou
1133 4445 1349 4528 interpolavit.
1367 4482 1408 4492 -

1221 4564 1258 4618 2*
