3134 4998
794 362 838 429 30

325 559 472 625 Dochmii
506 561 703 643 πρωτάλογοι,
736 582 870 644 quorum
900 560 1002 648 prime
1037 559 1113 623 arsis
1146 557 1371 624 irrationabilis

258 674 313 746 est,
338 667 386 732 his
409 667 519 732 formis
542 670 710 752 apparent:

323 863 513 946 Priusquam
533 885 607 927 vero
627 864 806 947 exemplum
831 886 940 942 unum,
964 861 1049 946 quod
1074 863 1212 947 priorem
1227 864 1371 946 sequitur

259 971 405 1054 figuram,
430 991 649 1047 commemoro,
675 989 819 1035 versuum
844 971 918 1035 691.
942 969 1370 1053 maerensmaerens

256 1078 365 1161 paneis
387 1076 590 1142 collustretur
612 1081 747 1161 oportet,
772 1099 854 1161 quse
876 1077 953 1141 haec
977 1087 1037 1140 est:

322 1189 455 1270 πίρματα,
479 1184 606 1268 λίματα,
629 1183 738 1269 δείματ’
760 1183 890 1272 ἀμφήκει
912 1189 1020 1268 κάπρῳ
1044 1187 1143 1271 ψίχειν
1167 1187 1264 1271 ψυχὰν
1286 1183 1368 1271 ἐμάν.

322 1290 478 1355 Numeros
500 1291 559 1354 hor
581 1291 734 1370 insolitos,
759 1313 839 1376 quos
863 1294 947 1356 recte
971 1291 1052 1355 dixit
1074 1290 1290 1369 Hermannus,
1315 1291 1369 1354 alii

256 1399 350 1463 aliter
372 1396 539 1462 emendare
560 1397 744 1476 studebant,
772 1398 818 1462 ita
841 1401 962 1476 tamen,
994 1402 1030 1461 ut
1053 1420 1116 1462 non
1140 1399 1368 1476 satisfacerent,

256 1527 353 1590 quare
390 1527 453 1568 non
487 1510 546 1584 est,
585 1523 640 1570 cur
673 1505 905 1570 emendationes
936 1505 1081 1591 singulae
1113 1505 1369 1572 exscriberentur.

255 1613 357 1679 Unius
371 1611 549 1677 Hermanni
572 1613 723 1678 correctio
747 1612 798 1698 hic
821 1615 1090 1691 commemoretur,
1116 1613 1165 1678 cui
1188 1612 1226 1676 de
1249 1613 1369 1697 reipsa

255 1721 419 1798 assentior,
444 1720 502 1784 etsi
526 1719 564 1782 de
587 1719 717 1798 medela,
744 1743 840 1804 quam
854 1718 992 1797 adhibet,
1016 1741 1081 1784 non
1097 1720 1197 1785 ausim
1212 1720 1366 1785 accedere.

255 1827 335 1892 Vult
366 1827 449 1891 enim
482 1827 604 1911 δείματα
627 1828 784 1906 exsulare,
814 1849 885 1892 cum
909 1827 988 1891 nihil
1012 1827 1053 1892 sit
1075 1828 1134 1891 nisi
1159 1832 1308 1910 corrupta
1331 1851 1368 1891 ex

254 1937 371 2021 λῢματα
398 1935 447 1998 vel
475 1932 595 1998 diversa
625 1956 683 2017 pro
711 1935 766 1999 illo
794 1936 960 2019 scriptura.
1006 1934 1096 2010 Quod
1120 1957 1194 1999 vero
1217 1934 1367 2000 iudicium

253 2064 319 2106 non
343 2042 376 2106 in
400 2042 531 2126 deipara,
553 2039 605 2104 sed
629 2042 663 2106 in
687 2041 804 2127 λίματα
826 2041 935 2106 cadere
958 2026 1167 2106 demonstrari
1190 2064 1278 2126 posse
1293 2064 1367 2107 oon·

254 2149 316 2213 fido
365 2146 487 2212 Chorus
511 2147 595 2211 enim
619 2169 655 2211 ea
678 2149 891 2230 conqueritur,
917 2170 997 2231 quae
1021 2147 1055 2212 lo
1080 2148 1239 2231 querendo
1263 2150 1367 2234 praei-

253 2259 351 2319 verat.
398 2255 485 2330 Quae
508 2255 594 2339 δεῖμα
617 2253 762 2337 deplorat
784 2255 817 2317 in
842 2277 870 2318 v.
896 2255 979 2320 58οτ

531 2357 714 2446 οἰστρηλάτῳ
738 2363 769 2425 δὲ
792 2363 939 2449 δείματι
962 2363 1089 2429 δειλαίαν

531 2474 705 2554 παράκοπον
727 2468 784 2534 ὧδε
806 2476 919 2556 τείρεις;
958 2473 960 2476 ’

318 2578 437 2644 Eodem
469 2578 562 2642 modo
593 2583 734 2665 πήματα,
767 2601 825 2664 pro
853 2602 916 2663 quo
948 2581 1108 2644 vocabulis
1140 2584 1304 2667 πημοοίναι
1335 2585 1367 2645 et

252 2689 382 2773 πημοναί
404 2687 524 2764 utitur,
550 2686 672 2750 dixerat
695 2708 723 2751 v.
747 2687 826 2752 579:
851 2691 877 2751 τί
900 2707 969 2750 ποτε
992 2687 1083 2750 ταῖσδ’
1108 2688 1255 2761 ἐνέζευξας
1277 2683 1367 2772 εὑρὼν

253 2793 442 2881 ἁμαρτοῦσαν
464 2791 494 2856 ἐν
516 2796 766 2878 πημοοίνναις,
897 2787 898 2790 '

253 2905 286 2966 et
308 2902 381 2967 586.

937 3004 998 3073 οὐδ’
1023 3007 1086 3094 ἔχω
1109 3010 1216 3096 μαθεῖν
1239 3007 1299 3074 ὅπα

659 3119 826 3201 πημονὰς
850 3113 957 3188 dlicta.
1349 3101 1351 3106 ¹

319 3218 448 3307 Λίματα
476 3222 508 3285 in
538 3221 590 3286 lus
618 3244 672 3286 ore
703 3243 768 3287 non
802 3223 939 3288 fuerant.
992 3221 1060 3288 Hoc
1091 3224 1190 3310 igitur
1220 3225 1365 3289 omittere

208 3408 209 3412 Ἰ
251 3331 401 3414 praestat,
425 3350 487 3410 quo
511 3328 595 3392 facto
619 3328 762 3393 trimeter
784 3329 984 3394 dochmiacus
1007 3332 1119 3414 sponte
1142 3331 1296 3394 nascitur:

318 3441 441 3523 πήματα
464 3435 574 3521 δείματ’
600 3433 664 3522 ἀμφ
684 3432 689 3522 l
709 3441 775 3522 ι’ρτει
797 3442 903 3521 κέντρῳ
927 3439 965 3523 qt
985 3441 990 3516 Ι
1010 3459 1071 3523 χειν
1094 3440 1191 3523 ψυχὰν
1214 3435 1296 3523 ἐμάν.

318 3649 376 3714 His
399 3650 576 3734 praemissis
591 3649 631 3713 ad
646 3650 860 3715 dochmiorum
876 3652 994 3717 formas
1009 3652 1245 3736 perlustrandas
1262 3651 1362 3718 redeo.

252 3757 402 3823 Videmus
431 3755 611 3822 dochmium
639 3761 678 3843 ψί)
698 3756 703 3842 Ι
723 3780 784 3844 χειν
813 3762 909 3845 ψυχάν
936 3757 1009 3847 ἐμάν
1032 3760 1136 3824 forma
1159 3781 1237 3836 esse,
1267 3782 1363 3843 quam

250 3887 345 3948 supra
368 3864 503 3947 primam
526 3865 625 3948 posui.
663 3864 766 3930 Huius
781 3865 866 3930 modi
880 3867 1057 3951 exemplum
1073 3867 1156 3952 apud
1173 3867 1364 3950 Aeschylum

250 3994 349 4036 unum
373 3971 474 4035 estin
498 3969 589 4037 Eum.
618 3973 690 4037 781.
719 3970 749 4037 ἐν
776 3985 815 4058 γᾷ
836 3974 914 4058 τᾷδε,
940 3983 1011 4061 φεῖ),
1039 3973 1255 4056 frequentiora
1278 3975 1362 4059 apud

250 4079 454 4163 Sophoclem,
492 4078 746 4161 frequentissima
784 4080 868 4164 apud
906 4080 1090 4165 Euripidem
1125 4093 1360 4149 enumerantur.

249 4184 346 4249 Plura
370 4184 513 4268 exempla
536 4185 635 4249 altera
659 4185 762 4250 forma
785 4189 988 4253 continentur
1011 4188 1044 4251 in
1060 4211 1109 4255 vv.
1125 4188 1199 4255 573.
1216 4189 1247 4262 ἐξ
1261 4189 1363 4274 ἐνέρων

249 4304 357 4377 περῶν,
382 4292 456 4358 575.
481 4287 639 4357 ὑπνοδόταν
665 4299 767 4380 νόμον,
802 4294 875 4360 576.
904 4298 1080 4382 τηλίπλανοι
1101 4299 1216 4376 πλάναι,
1240 4300 1290 4362 cui
1313 4321 1362 4362 re-

250 4399 385 4486 spondet
407 4400 634 4484 antistrophice
657 4403 791 4482 criticae,
816 4406 870 4486 qui
893 4426 974 4469 unus
996 4405 1030 4469 in
1054 4385 1242 4471 Prometheo
1267 4407 1362 4472 doch-
