3134 4998
714 344 757 412 35

177 537 237 604 Sed
260 537 337 622 quid
359 539 493 628 stropha
519 563 545 608 v.
571 541 657 606 128?
694 539 768 606 Non
792 541 902 606 codem
925 542 1019 606 modo
1032 543 1111 608 mihi
1126 543 1293 610 verisimile

176 645 317 725 videtur,
344 647 505 711 conditam
528 669 598 712 eam
621 669 685 713 esse
708 653 809 714 metro
832 649 944 726 ionice,
969 672 1161 734 quemqnam
1184 653 1292 736 negle-

175 753 279 838 gendo
312 759 454 819 veterum
485 754 605 820 scholio
639 754 748 820 eadem
770 778 820 820 me
843 778 987 840 peccaro,
1020 780 1101 841 quae
1124 759 1187 822 ianr
1211 757 1293 823 Her-

175 881 321 938 mannus,
346 859 491 940 Weilius,
516 861 572 926 alii
586 863 619 926 in
636 863 758 946 Anglos
773 862 1072 943 animadverteram,
1092 886 1157 929 non
1171 866 1292 951 ignoro.

176 967 278 1042 Quam
300 969 490 1032 sententiam
513 969 657 1053 sequenti
681 969 932 1036 consideratione
952 971 1139 1038 confirmare
1152 971 1293 1064 studebo·

177 1073 321 1140 Concedo
353 1096 427 1140 sane
451 1075 577 1156 Weili0,
609 1062 748 1159 incipere
769 1077 935 1161 stropham
957 1078 1080 1158 eodem,
1112 1101 1176 1164 quo
1199 1078 1284 1163 Sept.

178 1183 263 1260 720,
295 1181 399 1247 Prom.
423 1182 513 1261 397,
537 1204 644 1262 versu,
679 1205 761 1267 quae
784 1185 925 1250 carmina
947 1186 1014 1250 sine
1037 1185 1132 1251 dubio
1155 1188 1293 1252 numeris

177 1290 287 1356 ionicis
310 1289 494 1368 decurrunt,
519 1293 662 1356 attamen
686 1313 751 1356 non
775 1292 886 1356 eadem
908 1294 1120 1377 perpetuitate
1135 1297 1230 1378 atque
1244 1293 1292 1358 in-

174 1398 339 1482 tegritate,
368 1419 431 1481 qua
454 1397 618 1484 stropham
643 1419 670 1465 v,
694 1399 768 1465 397.
792 1402 986 1465 exstructam
1011 1400 1162 1480 vidimus,
1187 1422 1293 1466 versus

176 1504 388 1569 Anacreontei
411 1507 607 1588 repetuntur,
631 1527 703 1570 eum
725 1504 820 1570 huius
843 1505 971 1572 fabulae
994 1510 1088 1591 poeta
1106 1508 1141 1572 in
1155 1507 1292 1573 eiusdem

177 1612 300 1697 generis
335 1610 479 1698 strophis
508 1612 733 1695 componendis
770 1612 830 1676 sibi
867 1617 1040 1693 constaret,
1077 1614 1110 1678 id
1142 1614 1227 1698 quod
1258 1614 1293 1679 in

177 1718 316 1802 strophis
337 1717 478 1784 iambicis
501 1721 533 1782 et
554 1718 725 1798 trochaica,
750 1720 784 1784 in
807 1720 921 1805 quibus
944 1725 1088 1804 tempora
1102 1723 1229 1786 trisema
1243 1721 1293 1786 vel

180 1826 429 1890 constantissime
461 1825 605 1910 neglecta
638 1830 727 1905 sunt,
761 1849 826 1891 nou
850 1828 1005 1892 intermisi
1028 1828 1106 1911 quin
1129 1829 1293 1913 perpaucis

180 1933 397 2018 significarem.
442 1931 553 2017 Neque
585 1933 671 1998 enirn
702 1934 797 1998 modo
826 1933 867 1998 ad
890 1935 975 2018 ipsos
998 1933 1220 2022 ἀνααλωμὲνοος
1242 1937 1293 2000 in-

180 2041 396 2124 terpretandos
418 2041 523 2125 pansis
546 2043 603 2104 aut
626 2051 696 2127 τονξρ
718 2043 767 2106 uti
782 2042 935 2128 cogimur,
959 2043 1011 2106 sed
1027 2043 1123 2108 etiam
1137 2043 1294 2127 perspicui

177 2147 353 2234 logaoedici
375 2149 559 2213 inseruntur
586 2170 702 2216 versus.
739 2149 842 2214 Pausa
858 2149 984 2234 quidem
1007 2151 1176 2216 statuenda
1199 2153 1245 2214 est
1259 2150 1294 2213 in
1323 2171 1327 2180 ·

179 2277 270 2320 versu

480 2365 611 2447 προσέβα
632 2363 714 2428 τόνδε
735 2367 829 2443 πάγον
851 2369 1000 2447 πατρῴας,

249 2556 320 2622 Ηοο
342 2558 493 2624 accedunt
515 2581 621 2624 versus
643 2559 835 2645 logaoedici:
1255 2623 1261 2632 ,

290 2649 361 2736 132'.
385 2668 431 2735 ed.
456 2667 580 2732 Weckl.
604 2673 813 2757 κραιπνοφόροι
835 2669 867 2732 δέ
890 2666 1051 2755 μ’ἔπεμψαν
1074 2665 1169 2754 αὖραι,

289 2775 362 2840 134.
386 2778 438 2840 τὰν
460 2777 623 2860 θεμερῶπιν
646 2771 729 2839 αἰδῶ.
989 2767 991 2774 ’

288 2883 360 2950 135.
383 2885 480 2968 obbqu
503 2879 664 2956 δ’ἀπὲδιλος
687 2882 753 2969 ὄχῳ
776 2877 919 2968 πτερωτῷ.

245 2988 357 3074 Neque
390 3012 514 3057 versum
548 2991 621 3057 131.
654 2996 738 3076 μόγις
770 3000 950 3075 παρειποῦσα
982 2996 1087 3078 φρένας
1115 3014 1153 3056 ex
1182 2992 1292 3058 ordine

179 3097 235 3161 illo
259 3097 409 3181 proodioo
434 3099 466 3160 et
488 3099 591 3162 ionico
606 3099 790 3163 catalectico
805 3099 1015 3181 compositum
1029 3098 1172 3179 dixerim,
1197 3101 1307 3168 immor

179 3204 255 3288 quin
279 3206 403 3268 constet
426 3225 464 3268 ex
487 3203 615 3289 dipodia
639 3205 771 3269 iambica
795 3209 826 3268 et
849 3204 1034 3270 choriambo
1057 3207 1137 3271 mihi
1159 3211 1293 3271 nonest

179 3309 319 3376 dubium.
364 3309 502 3376 Maxime
535 3333 608 3376 vero
631 3312 664 3376 in
688 3311 782 3376 huius
804 3312 956 3396 strophae
979 3314 1207 3397 compositione
1229 3336 1293 3378 me-

179 3417 259 3482 trica
291 3417 515 3502 pertractanda
547 3419 607 3484 sibi
638 3419 771 3483 indulsit
803 3417 971 3498 Christius,
1009 3421 1064 3504 qui
1095 3443 1159 3484 non
1191 3421 1294 3485 solum

180 3527 286 3608 pausis
309 3525 437 3590 statutis
460 3548 607 3592 numeros
625 3527 742 3592 ionicus
757 3524 922 3592 defendere
937 3526 1092 3611 studebat,
1115 3527 1290 3607 sedetiam,

178 3638 216 3697 ut
247 3655 355 3698 omnes
386 3655 492 3698 versus
524 3634 659 3700 eundem
691 3633 846 3699 haberent
867 3635 901 3698 in
925 3635 1029 3700 thesin
1053 3635 1173 3700 exitum
1196 3636 1292 3700 choro

177 3740 343 3804 mulierum
369 3763 464 3825 qnam
488 3740 624 3804 maxime
646 3741 805 3819 idoneum,
830 3763 939 3806 eorum
962 3740 1200 3825 dispositionem
1222 3765 1293 3806 mu·

177 3845 275 3924 tabat,
300 3852 337 3913 nt
359 3848 426 3932 ipse
449 3848 618 3914 fateretur:
644 3848 729 3914 Aber
753 3849 804 3914 ich
828 3848 910 3914 habe
933 3849 1021 3915 nicht
1043 3871 1077 3914 eo
1097 3849 1158 3914 viel
1175 3847 1293 3914 Selbst·

178 3956 355 4033 vertranen,
381 3955 431 4020 die
454 3955 723 4041 Rhythmisirung
746 3957 792 4020 als
815 3956 916 4021 sicher
938 3955 1003 4020 und
1027 3955 1196 4020 aweifellos
1220 3956 1292 4020 hin·

177 4060 338 4125 anatellen.
385 4062 441 4130 cfr.
473 4066 533 4130 art.
571 4066 663 4129 metr.
696 4063 804 4130 Graec.
837 4065 869 4128 et
897 4063 1052 4142 Roman,
1085 4063 1168 4146 Lips.
1196 4062 1290 4140 1874,

36 4173 41 4186 ¹
177 4189 209 4250 P·
234 4167 308 4233 525·
332 4189 378 4251 sq·
416 4164 500 4246 Quos
515 4170 728 4237 dubitationes
753 4193 869 4256 omnes,
896 4192 976 4256 quae
990 4171 1025 4235 in
1039 4170 1172 4258 stropha
1186 4169 1291 4233 ionira

177 4295 206 4340 ν.
232 4274 305 4342 397.
337 4274 443 4340 nullae
476 4281 583 4357 erant,
616 4278 829 4372 consideranti
861 4300 983 4344 mecum
1012 4278 1109 4363 longe
1131 4279 1228 4362 praes*

178 4381 255 4446 mihi
279 4383 405 4448 videtur
423 4406 496 4452 cum
511 4387 633 4471 anglis,
658 4385 851 4452 Rossbachio
868 4386 1129 4470 Westphalioque
1143 4382 1216 4448 dinu

1095 4487 1134 4520 Q*
