<?xml version="1.0" encoding="UTF-8"?>
<!DOCTYPE html PUBLIC "-//W3C//DTD XHTML 1.0 Transitional//EN"
    "http://www.w3.org/TR/xhtml1/DTD/xhtml1-transitional.dtd">
<html xmlns="http://www.w3.org/1999/xhtml" xml:lang="en" lang="en">
 <head>
  <title>
</title>
<meta http-equiv="Content-Type" content="text/html;charset=utf-8" />
  <meta name='ocr-system' content='tesseract 3.04.00' />
  <meta name='ocr-capabilities' content='ocr_page ocr_carea ocr_par ocr_line ocrx_word'/>
</head>
<body>
  <div class='ocr_page' id='page_1' title='image "./decompositionem00heidgoog_0079.png"; bbox 0 0 3134 4998; ppageno 0'>
   <div class='ocr_carea' id='block_1_1' title="bbox 819 187 941 285">
    <p class='ocr_par' dir='ltr' id='par_1_1' title="bbox 819 187 941 285">
     <span class='ocr_line' id='line_1_1' title="bbox 819 187 941 285; baseline 0 -33"><span class='ocrx_word' id='word_1_1' title='bbox 819 187 941 285; x_wconf 62' lang='lat' dir='ltr'>rsa</span> 
     </span>
    </p>
   </div>
   <div class='ocr_carea' id='block_1_2' title="bbox 155 385 1447 4483">
    <p class='ocr_par' dir='ltr' id='par_1_2' title="bbox 235 385 1447 784">
     <span class='ocr_line' id='line_1_2' title="bbox 322 385 1446 483; baseline 0.004 -29"><span class='ocrx_word' id='word_1_2' title='bbox 322 385 495 456; x_wconf 88' lang='lat' dir='ltr'>Librorum</span> <span class='ocrx_word' id='word_1_3' title='bbox 525 388 742 476; x_wconf 77' lang='lat' dir='ltr'><strong>discrepantia</strong></span> <span class='ocrx_word' id='word_1_4' title='bbox 769 393 929 478; x_wconf 90' lang='lat' dir='ltr'>quomodo</span> <span class='ocrx_word' id='word_1_5' title='bbox 955 393 997 458; x_wconf 91' lang='lat' dir='ltr'>sit</span> <span class='ocrx_word' id='word_1_6' title='bbox 1018 401 1090 458; x_wconf 88' lang='lat' dir='ltr'>orta</span> <span class='ocrx_word' id='word_1_7' title='bbox 1113 392 1232 483; x_wconf 88' lang='lat' dir='ltr'>optime</span> <span class='ocrx_word' id='word_1_8' title='bbox 1253 393 1446 478; x_wconf 81' lang='lat' dir='ltr'>intelligitur</span> 
     </span>
     <span class='ocr_line' id='line_1_3' title="bbox 236 488 1446 584; baseline 0.005 -28"><span class='ocrx_word' id='word_1_9' title='bbox 236 490 431 557; x_wconf 85' lang='lat' dir='ltr'>eOantabr.</span> <span class='ocrx_word' id='word_1_10' title='bbox 453 493 607 559; x_wconf 89' lang='lat' dir='ltr'>lectione:</span> <span class='ocrx_word' id='word_1_11' title='bbox 640 488 771 583; x_wconf 76' lang='grc' dir='ltr'><em>αι’·θάδη</em></span> <span class='ocrx_word' id='word_1_12' title='bbox 792 499 924 584; x_wconf 92' lang='grc' dir='ltr'><em>φρενῶν.</em></span> <span class='ocrx_word' id='word_1_13' title='bbox 969 494 1065 580; x_wconf 80' lang='lat' dir='ltr'>Quod</span> <span class='ocrx_word' id='word_1_14' title='bbox 1088 517 1159 560; x_wconf 86' lang='lat' dir='ltr'>cnm</span> <span class='ocrx_word' id='word_1_15' title='bbox 1182 495 1317 562; x_wconf 88' lang='lat' dir='ltr'>baberet</span> <span class='ocrx_word' id='word_1_16' title='bbox 1335 497 1446 562; x_wconf 87' lang='lat' dir='ltr'>arche-</span> 
     </span>
     <span class='ocr_line' id='line_1_4' title="bbox 235 593 1447 688; baseline 0.005 -30"><span class='ocrx_word' id='word_1_17' title='bbox 235 600 331 679; x_wconf 92' lang='lat' dir='ltr'>typus</span> <span class='ocrx_word' id='word_1_18' title='bbox 360 611 502 679; x_wconf 88' lang='lat' dir='ltr'>qnoque,</span> <span class='ocrx_word' id='word_1_19' title='bbox 534 595 657 661; x_wconf 84' lang='lat' dir='ltr'>factum</span> <span class='ocrx_word' id='word_1_20' title='bbox 686 604 747 680; x_wconf 93' lang='lat' dir='ltr'>est,</span> <span class='ocrx_word' id='word_1_21' title='bbox 779 605 815 664; x_wconf 93' lang='lat' dir='ltr'>ut</span> <span class='ocrx_word' id='word_1_22' title='bbox 843 598 898 664; x_wconf 88' lang='lat' dir='ltr'>alii</span> <span class='ocrx_word' id='word_1_23' title='bbox 926 599 1126 681; x_wconf 78' lang='lat' dir='ltr'>corrigerent</span> <span class='ocrx_word' id='word_1_24' title='bbox 1155 593 1302 686; x_wconf 79' lang='grc' dir='ltr'><em>αὐθάδης</em></span> <span class='ocrx_word' id='word_1_25' title='bbox 1323 603 1447 688; x_wconf 88' lang='grc' dir='ltr'><em>φρενῶν</em></span> 
     </span>
     <span class='ocr_line' id='line_1_5' title="bbox 235 691 598 784; baseline 0.008 -24"><span class='ocrx_word' id='word_1_26' title='bbox 235 697 292 762; x_wconf 89' lang='lat' dir='ltr'>alii</span> <span class='ocrx_word' id='word_1_27' title='bbox 313 691 442 784; x_wconf 87' lang='grc' dir='ltr'><em>αδθάδη</em></span> <span class='ocrx_word' id='word_1_28' title='bbox 464 701 598 784; x_wconf 78' lang='grc' dir='ltr'><em>φρονῶν.</em></span> 
     </span>
    </p>

    <p class='ocr_par' dir='ltr' id='par_1_3' title="bbox 234 799 1447 1298">
     <span class='ocr_line' id='line_1_6' title="bbox 319 799 1447 886; baseline 0.003 -21"><span class='ocrx_word' id='word_1_29' title='bbox 319 799 435 866; x_wconf 88' lang='lat' dir='ltr'>Potest</span> <span class='ocrx_word' id='word_1_30' title='bbox 464 800 620 884; x_wconf 87' lang='lat' dir='ltr'>dubitari,</span> <span class='ocrx_word' id='word_1_31' title='bbox 654 807 729 866; x_wconf 92' lang='lat' dir='ltr'>utra</span> <span class='ocrx_word' id='word_1_32' title='bbox 757 801 853 868; x_wconf 92' lang='lat' dir='ltr'>lectio</span> <span class='ocrx_word' id='word_1_33' title='bbox 883 803 925 868; x_wconf 92' lang='lat' dir='ltr'>sit</span> <span class='ocrx_word' id='word_1_34' title='bbox 954 802 1192 886; x_wconf 89' lang='lat' dir='ltr'>praeoptanda,</span> <span class='ocrx_word' id='word_1_35' title='bbox 1228 804 1285 870; x_wconf 87' lang='lat' dir='ltr'>sed</span> <span class='ocrx_word' id='word_1_36' title='bbox 1318 804 1447 870; x_wconf 84' lang='lat' dir='ltr'>videtur</span> 
     </span>
     <span class='ocr_line' id='line_1_7' title="bbox 235 897 1446 993; baseline 0.005 -27"><span class='ocrx_word' id='word_1_37' title='bbox 235 901 417 987; x_wconf 84' lang='lat' dir='ltr'>Aeschylus</span> <span class='ocrx_word' id='word_1_38' title='bbox 448 904 515 988; x_wconf 90' lang='lat' dir='ltr'>ipse</span> <span class='ocrx_word' id='word_1_39' title='bbox 545 904 709 988; x_wconf 78' lang='lat' dir='ltr'>scripsisse</span> <span class='ocrx_word' id='word_1_40' title='bbox 738 897 868 992; x_wconf 86' lang='grc' dir='ltr'><em>αδθάδη</em></span> <span class='ocrx_word' id='word_1_41' title='bbox 899 907 1024 993; x_wconf 86' lang='grc' dir='ltr'><em>φρονῶν</em></span> <span class='ocrx_word' id='word_1_42' title='bbox 1054 911 1242 989; x_wconf 88' lang='lat' dir='ltr'>propterea,</span> <span class='ocrx_word' id='word_1_43' title='bbox 1270 908 1347 991; x_wconf 86' lang='lat' dir='ltr'>quia</span> <span class='ocrx_word' id='word_1_44' title='bbox 1375 929 1446 991; x_wconf 90' lang='lat' dir='ltr'>pro-</span> 
     </span>
     <span class='ocr_line' id='line_1_8' title="bbox 235 1006 1447 1092; baseline 0.005 -22"><span class='ocrx_word' id='word_1_45' title='bbox 235 1006 376 1071; x_wconf 88' lang='lat' dir='ltr'>babilius</span> <span class='ocrx_word' id='word_1_46' title='bbox 399 1012 457 1087; x_wconf 93' lang='lat' dir='ltr'>est,</span> <span class='ocrx_word' id='word_1_47' title='bbox 480 1006 647 1072; x_wconf 87' lang='lat' dir='ltr'>librarium</span> <span class='ocrx_word' id='word_1_48' title='bbox 670 1007 846 1092; x_wconf 79' lang='lat' dir='ltr'>archetypi,</span> <span class='ocrx_word' id='word_1_49' title='bbox 871 1030 944 1074; x_wconf 85' lang='lat' dir='ltr'>oum</span> <span class='ocrx_word' id='word_1_50' title='bbox 966 1007 1178 1073; x_wconf 84' lang='lat' dir='ltr'>confunderet</span> <span class='ocrx_word' id='word_1_51' title='bbox 1198 1008 1310 1074; x_wconf 90' lang='lat' dir='ltr'>literas</span> <span class='ocrx_word' id='word_1_52' title='bbox 1330 1014 1350 1076; x_wconf 71' lang='grc'>6</span> <span class='ocrx_word' id='word_1_53' title='bbox 1376 1013 1447 1076; x_wconf 92' lang='lat' dir='ltr'>etO</span> 
     </span>
     <span class='ocr_line' id='line_1_9' title="bbox 234 1108 1445 1198; baseline 0.001 -25"><span class='ocrx_word' id='word_1_54' title='bbox 234 1116 368 1193; x_wconf 91' lang='lat' dir='ltr'>propter</span> <span class='ocrx_word' id='word_1_55' title='bbox 398 1108 576 1174; x_wconf 82' lang='lat' dir='ltr'>formarum</span> <span class='ocrx_word' id='word_1_56' title='bbox 602 1109 859 1192; x_wconf 91' lang='lat' dir='ltr'>similitudinem,</span> <span class='ocrx_word' id='word_1_57' title='bbox 894 1131 1043 1176; x_wconf 89' lang='lat' dir='ltr'>exarasse</span> <span class='ocrx_word' id='word_1_58' title='bbox 1071 1113 1193 1196; x_wconf 82' lang='grc' dir='ltr'><em>φρενῶν</em></span> <span class='ocrx_word' id='word_1_59' title='bbox 1219 1133 1278 1194; x_wconf 89' lang='lat' dir='ltr'>pro</span> <span class='ocrx_word' id='word_1_60' title='bbox 1309 1115 1445 1198; x_wconf 90' lang='grc' dir='ltr'><em>φρονῶν,</em></span> 
     </span>
     <span class='ocr_line' id='line_1_10' title="bbox 235 1205 1102 1298; baseline 0.002 -22"><span class='ocrx_word' id='word_1_61' title='bbox 235 1233 333 1294; x_wconf 90' lang='lat' dir='ltr'>quam</span> <span class='ocrx_word' id='word_1_62' title='bbox 355 1213 388 1276; x_wconf 94' lang='lat' dir='ltr'>in</span> <span class='ocrx_word' id='word_1_63' title='bbox 410 1211 567 1278; x_wconf 88' lang='lat' dir='ltr'>vocabulo</span> <span class='ocrx_word' id='word_1_64' title='bbox 589 1205 735 1298; x_wconf 76' lang='grc' dir='ltr'><em>αὐθάδης</em></span> <span class='ocrx_word' id='word_1_65' title='bbox 757 1213 901 1278; x_wconf 89' lang='lat' dir='ltr'>omisisse</span> <span class='ocrx_word' id='word_1_66' title='bbox 924 1235 944 1278; x_wconf 88' lang='grc' dir='ltr'><em>ο</em></span> <span class='ocrx_word' id='word_1_67' title='bbox 965 1214 1102 1278; x_wconf 84' lang='lat' dir='ltr'>literam.</span> 
     </span>
    </p>

    <p class='ocr_par' dir='ltr' id='par_1_4' title="bbox 319 1315 1170 1398">
     <span class='ocr_line' id='line_1_11' title="bbox 319 1315 1170 1398; baseline -0.002 -18"><span class='ocrx_word' id='word_1_68' title='bbox 319 1315 442 1380; x_wconf 90' lang='lat' dir='ltr'>Prom.</span> <span class='ocrx_word' id='word_1_69' title='bbox 466 1319 562 1379; x_wconf 87' lang='lat'>1030</span> <span class='ocrx_word' id='word_1_70' title='bbox 585 1315 618 1394; x_wconf 85' lang='lat' dir='ltr'>in</span> <span class='ocrx_word' id='word_1_71' title='bbox 641 1334 722 1378; x_wconf 91' lang='lat' dir='ltr'>recc.</span> <span class='ocrx_word' id='word_1_72' title='bbox 743 1315 906 1398; x_wconf 91' lang='lat' dir='ltr'>plerisque</span> <span class='ocrx_word' id='word_1_73' title='bbox 929 1320 1015 1379; x_wconf 90' lang='lat' dir='ltr'>recte</span> <span class='ocrx_word' id='word_1_74' title='bbox 1037 1315 1170 1398; x_wconf 90' lang='lat' dir='ltr'>legitur:</span> 
     </span>
    </p>

    <p class='ocr_par' dir='ltr' id='par_1_5' title="bbox 384 1410 1094 1506">
     <span class='ocr_line' id='line_1_12' title="bbox 384 1410 1094 1506; baseline 0.003 -26"><span class='ocrx_word' id='word_1_75' title='bbox 384 1417 509 1482; x_wconf 76' lang='grc' dir='ltr'>τοιοῦδε</span> <span class='ocrx_word' id='word_1_76' title='bbox 529 1413 654 1500; x_wconf 88' lang='grc' dir='ltr'><em>μόχθου</em></span> <span class='ocrx_word' id='word_1_77' title='bbox 676 1413 775 1502; x_wconf 81' lang='grc' dir='ltr'><em>τέρμα</em></span> <span class='ocrx_word' id='word_1_78' title='bbox 794 1416 839 1506; x_wconf 82' lang='grc' dir='ltr'>μή</span> <span class='ocrx_word' id='word_1_79' title='bbox 860 1440 892 1481; x_wconf 91' lang='grc' dir='ltr'>τι</span> <span class='ocrx_word' id='word_1_80' title='bbox 916 1410 1094 1504; x_wconf 81' lang='grc' dir='ltr'>προσδόκα.</span> 
     </span>
    </p>

    <p class='ocr_par' dir='ltr' id='par_1_6' title="bbox 232 1517 1446 2430">
     <span class='ocr_line' id='line_1_13' title="bbox 318 1517 1444 1608; baseline -0.001 -24"><span class='ocrx_word' id='word_1_81' title='bbox 318 1517 427 1607; x_wconf 76' lang='grc' dir='ltr'><em>μήτοι</em></span> <span class='ocrx_word' id='word_1_82' title='bbox 442 1541 501 1602; x_wconf 92' lang='lat' dir='ltr'>pro</span> <span class='ocrx_word' id='word_1_83' title='bbox 516 1517 560 1607; x_wconf 85' lang='grc' dir='ltr'>μή</span> <span class='ocrx_word' id='word_1_84' title='bbox 574 1543 606 1584; x_wconf 90' lang='grc' dir='ltr'>τι</span> <span class='ocrx_word' id='word_1_85' title='bbox 621 1519 778 1604; x_wconf 84' lang='lat' dir='ltr'>praebent</span> <span class='ocrx_word' id='word_1_86' title='bbox 793 1520 878 1586; x_wconf 86' lang='lat' dir='ltr'>Med.</span> <span class='ocrx_word' id='word_1_87' title='bbox 894 1521 972 1584; x_wconf 89' lang='lat' dir='ltr'>Par.</span> <span class='ocrx_word' id='word_1_88' title='bbox 988 1520 1028 1584; x_wconf 84' lang='grc' dir='ltr'>Ε.</span> <span class='ocrx_word' id='word_1_89' title='bbox 1042 1519 1140 1586; x_wconf 88' lang='lat' dir='ltr'>Vind.</span> <span class='ocrx_word' id='word_1_90' title='bbox 1155 1524 1182 1584; x_wconf 94' lang='grc'>1.</span> <span class='ocrx_word' id='word_1_91' title='bbox 1196 1523 1225 1584; x_wconf 90' lang='grc'>3.</span> <span class='ocrx_word' id='word_1_92' title='bbox 1268 1541 1319 1584; x_wconf 89' lang='grc' dir='ltr'>τοι</span> <span class='ocrx_word' id='word_1_93' title='bbox 1331 1517 1377 1608; x_wconf 83' lang='grc' dir='ltr'>μή</span> <span class='ocrx_word' id='word_1_94' title='bbox 1389 1519 1444 1584; x_wconf 85' lang='grc' dir='ltr'>εεδ</span> 
     </span>
     <span class='ocr_line' id='line_1_14' title="bbox 236 1617 1445 1710; baseline -0.002 -24"><span class='ocrx_word' id='word_1_95' title='bbox 236 1629 416 1686; x_wconf 90' lang='lat' dir='ltr'>correctum</span> <span class='ocrx_word' id='word_1_96' title='bbox 438 1624 470 1686; x_wconf 93' lang='lat' dir='ltr'>in</span> <span class='ocrx_word' id='word_1_97' title='bbox 492 1617 536 1709; x_wconf 82' lang='grc' dir='ltr'>μή</span> <span class='ocrx_word' id='word_1_98' title='bbox 557 1646 590 1688; x_wconf 90' lang='grc' dir='ltr'>τι</span> <span class='ocrx_word' id='word_1_99' title='bbox 612 1622 711 1688; x_wconf 83' lang='grc' dir='ltr'><em>Μοεο.</em></span> <span class='ocrx_word' id='word_1_100' title='bbox 731 1627 758 1688; x_wconf 95' lang='grc'>1.</span> <span class='ocrx_word' id='word_1_101' title='bbox 801 1621 845 1710; x_wconf 74' lang='grc' dir='ltr'>μη</span> <span class='ocrx_word' id='word_1_102' title='bbox 869 1619 904 1687; x_wconf 84' lang='grc' dir='ltr'><em>δέ</em></span> <span class='ocrx_word' id='word_1_103' title='bbox 925 1621 1079 1688; x_wconf 86' lang='lat' dir='ltr'>Cantabr.</span> <span class='ocrx_word' id='word_1_104' title='bbox 1104 1627 1122 1688; x_wconf 80' lang='grc'>2</span> <span class='ocrx_word' id='word_1_105' title='bbox 1146 1628 1179 1688; x_wconf 90' lang='lat' dir='ltr'>et</span> <span class='ocrx_word' id='word_1_106' title='bbox 1200 1621 1394 1686; x_wconf 89' lang='lat' dir='ltr'>adnotatum</span> <span class='ocrx_word' id='word_1_107' title='bbox 1414 1622 1445 1684; x_wconf 93' lang='lat' dir='ltr'>in</span> 
     </span>
     <span class='ocr_line' id='line_1_15' title="bbox 234 1723 1445 1813; baseline -0.002 -25"><span class='ocrx_word' id='word_1_108' title='bbox 234 1724 309 1789; x_wconf 89' lang='lat' dir='ltr'>Par.</span> <span class='ocrx_word' id='word_1_109' title='bbox 326 1724 366 1789; x_wconf 88' lang='lat' dir='ltr'>B.</span> <span class='ocrx_word' id='word_1_110' title='bbox 383 1725 511 1790; x_wconf 85' lang='lat' dir='ltr'>Habuit</span> <span class='ocrx_word' id='word_1_111' title='bbox 525 1727 624 1809; x_wconf 92' lang='lat' dir='ltr'>igitur</span> <span class='ocrx_word' id='word_1_112' title='bbox 639 1726 832 1810; x_wconf 83' lang='lat' dir='ltr'>archetypus</span> <span class='ocrx_word' id='word_1_113' title='bbox 845 1723 889 1813; x_wconf 75' lang='grc' dir='ltr'>μὴ</span> <span class='ocrx_word' id='word_1_114' title='bbox 904 1723 1081 1811; x_wconf 80' lang='grc' dir='ltr'>προσδόκα,</span> <span class='ocrx_word' id='word_1_115' title='bbox 1098 1725 1155 1790; x_wconf 91' lang='lat' dir='ltr'>sed</span> <span class='ocrx_word' id='word_1_116' title='bbox 1168 1747 1268 1810; x_wconf 89' lang='lat' dir='ltr'>supra</span> <span class='ocrx_word' id='word_1_117' title='bbox 1283 1723 1445 1807; x_wconf 89' lang='lat' dir='ltr'>adscripto</span> 
     </span>
     <span class='ocr_line' id='line_1_16' title="bbox 233 1826 1446 1913; baseline -0.001 -23"><span class='ocrx_word' id='word_1_118' title='bbox 233 1850 282 1891; x_wconf 92' lang='grc' dir='ltr'>τοι</span> <span class='ocrx_word' id='word_1_119' title='bbox 298 1828 339 1892; x_wconf 90' lang='lat' dir='ltr'>ab</span> <span class='ocrx_word' id='word_1_120' title='bbox 355 1829 595 1913; x_wconf 84' lang='lat' dir='ltr'>interpolatore,</span> <span class='ocrx_word' id='word_1_121' title='bbox 615 1828 696 1912; x_wconf 93' lang='lat' dir='ltr'>legis</span> <span class='ocrx_word' id='word_1_122' title='bbox 711 1830 931 1895; x_wconf 88' lang='lat' dir='ltr'>Personianae</span> <span class='ocrx_word' id='word_1_123' title='bbox 946 1829 1096 1894; x_wconf 89' lang='lat' dir='ltr'>nimirum</span> <span class='ocrx_word' id='word_1_124' title='bbox 1110 1827 1197 1909; x_wconf 83' lang='lat' dir='ltr'>rudi3</span> <span class='ocrx_word' id='word_1_125' title='bbox 1220 1850 1270 1892; x_wconf 90' lang='grc' dir='ltr'>τοι</span> <span class='ocrx_word' id='word_1_126' title='bbox 1284 1826 1446 1911; x_wconf 89' lang='lat' dir='ltr'>particula</span> 
     </span>
     <span class='ocr_line' id='line_1_17' title="bbox 234 1929 1444 2020; baseline -0.002 -26"><span class='ocrx_word' id='word_1_127' title='bbox 234 1952 254 1994; x_wconf 90' lang='lat' dir='ltr'>a</span> <span class='ocrx_word' id='word_1_128' title='bbox 282 1930 415 1995; x_wconf 88' lang='lat' dir='ltr'>librario</span> <span class='ocrx_word' id='word_1_129' title='bbox 442 1930 528 1996; x_wconf 91' lang='lat' dir='ltr'>Med.</span> <span class='ocrx_word' id='word_1_130' title='bbox 556 1938 630 2016; x_wconf 93' lang='lat' dir='ltr'>post</span> <span class='ocrx_word' id='word_1_131' title='bbox 656 1929 700 2020; x_wconf 73' lang='grc' dir='ltr'>μή</span> <span class='ocrx_word' id='word_1_132' title='bbox 726 1933 758 1997; x_wconf 92' lang='lat' dir='ltr'>in</span> <span class='ocrx_word' id='word_1_133' title='bbox 787 1953 915 1998; x_wconf 82' lang='lat' dir='ltr'>versum</span> <span class='ocrx_word' id='word_1_134' title='bbox 945 1937 994 1997; x_wconf 89' lang='lat' dir='ltr'>est</span> <span class='ocrx_word' id='word_1_135' title='bbox 1024 1937 1170 2016; x_wconf 83' lang='lat' dir='ltr'>recepta,</span> <span class='ocrx_word' id='word_1_136' title='bbox 1201 1931 1234 1996; x_wconf 94' lang='lat' dir='ltr'>in</span> <span class='ocrx_word' id='word_1_137' title='bbox 1262 1929 1373 1996; x_wconf 88' lang='lat' dir='ltr'>codice</span> <span class='ocrx_word' id='word_1_138' title='bbox 1404 1931 1444 1994; x_wconf 89' lang='lat' dir='ltr'>A.</span> 
     </span>
     <span class='ocr_line' id='line_1_18' title="bbox 232 2033 1445 2120; baseline -0.002 -23"><span class='ocrx_word' id='word_1_139' title='bbox 232 2055 332 2116; x_wconf 88' lang='lat' dir='ltr'>supra</span> <span class='ocrx_word' id='word_1_140' title='bbox 363 2033 482 2098; x_wconf 90' lang='lat' dir='ltr'>lineam</span> <span class='ocrx_word' id='word_1_141' title='bbox 514 2035 637 2118; x_wconf 88' lang='lat' dir='ltr'>pariter</span> <span class='ocrx_word' id='word_1_142' title='bbox 666 2042 765 2118; x_wconf 88' lang='lat' dir='ltr'>atque</span> <span class='ocrx_word' id='word_1_143' title='bbox 790 2035 824 2098; x_wconf 90' lang='lat' dir='ltr'>in</span> <span class='ocrx_word' id='word_1_144' title='bbox 852 2034 1025 2120; x_wconf 89' lang='lat' dir='ltr'>archetypo</span> <span class='ocrx_word' id='word_1_145' title='bbox 1053 2035 1218 2118; x_wconf 89' lang='lat' dir='ltr'>adscripta</span> <span class='ocrx_word' id='word_1_146' title='bbox 1245 2039 1303 2098; x_wconf 90' lang='lat' dir='ltr'>est.</span> <span class='ocrx_word' id='word_1_147' title='bbox 1348 2033 1445 2097; x_wconf 81' lang='lat' dir='ltr'>Reae.</span> 
     </span>
     <span class='ocr_line' id='line_1_19' title="bbox 235 2136 1444 2224; baseline -0.003 -24"><span class='ocrx_word' id='word_1_148' title='bbox 235 2157 309 2201; x_wconf 89' lang='lat' dir='ltr'>vero</span> <span class='ocrx_word' id='word_1_149' title='bbox 333 2157 415 2201; x_wconf 90' lang='lat' dir='ltr'>nnus</span> <span class='ocrx_word' id='word_1_150' title='bbox 439 2145 524 2217; x_wconf 90' lang='lat' dir='ltr'>ante,</span> <span class='ocrx_word' id='word_1_151' title='bbox 548 2138 604 2202; x_wconf 91' lang='lat' dir='ltr'>alii</span> <span class='ocrx_word' id='word_1_152' title='bbox 625 2144 699 2222; x_wconf 90' lang='lat' dir='ltr'>post</span> <span class='ocrx_word' id='word_1_153' title='bbox 720 2136 764 2224; x_wconf 81' lang='grc' dir='ltr'>μή</span> <span class='ocrx_word' id='word_1_154' title='bbox 785 2137 977 2221; x_wconf 88' lang='lat' dir='ltr'>particulam</span> <span class='ocrx_word' id='word_1_155' title='bbox 992 2161 1042 2201; x_wconf 92' lang='grc' dir='ltr'>τοι</span> <span class='ocrx_word' id='word_1_156' title='bbox 1057 2138 1090 2202; x_wconf 90' lang='lat' dir='ltr'>in</span> <span class='ocrx_word' id='word_1_157' title='bbox 1106 2140 1229 2203; x_wconf 86' lang='lat' dir='ltr'>textum</span> <span class='ocrx_word' id='word_1_158' title='bbox 1244 2141 1444 2218; x_wconf 85' lang='lat' dir='ltr'>receperunt.</span> 
     </span>
     <span class='ocr_line' id='line_1_20' title="bbox 235 2237 1444 2324; baseline -0.002 -20"><span class='ocrx_word' id='word_1_159' title='bbox 235 2239 306 2304; x_wconf 89' lang='lat' dir='ltr'>Alii</span> <span class='ocrx_word' id='word_1_160' title='bbox 328 2239 481 2324; x_wconf 91' lang='lat' dir='ltr'>denique,</span> <span class='ocrx_word' id='word_1_161' title='bbox 504 2241 704 2324; x_wconf 85' lang='lat' dir='ltr'>negligentes</span> <span class='ocrx_word' id='word_1_162' title='bbox 727 2240 967 2304; x_wconf 86' lang='lat' dir='ltr'>adnotationem</span> <span class='ocrx_word' id='word_1_163' title='bbox 989 2240 1228 2305; x_wconf 88' lang='lat' dir='ltr'>interlinearem</span> <span class='ocrx_word' id='word_1_164' title='bbox 1251 2237 1369 2303; x_wconf 84' lang='lat' dir='ltr'>codicis</span> <span class='ocrx_word' id='word_1_165' title='bbox 1392 2238 1444 2317; x_wconf 83' lang='lat' dir='ltr'>A,</span> 
     </span>
     <span class='ocr_line' id='line_1_21' title="bbox 233 2339 1443 2430; baseline -0.004 -23"><span class='ocrx_word' id='word_1_166' title='bbox 233 2349 270 2407; x_wconf 92' lang='lat' dir='ltr'>ut</span> <span class='ocrx_word' id='word_1_167' title='bbox 299 2343 506 2408; x_wconf 88' lang='lat' dir='ltr'>emendarent</span> <span class='ocrx_word' id='word_1_168' title='bbox 528 2349 682 2424; x_wconf 87' lang='lat' dir='ltr'>metrum,</span> <span class='ocrx_word' id='word_1_169' title='bbox 704 2343 754 2408; x_wconf 89' lang='lat' dir='ltr'>vel</span> <span class='ocrx_word' id='word_1_170' title='bbox 776 2340 811 2406; x_wconf 86' lang='grc' dir='ltr'><em>δέ</em></span> <span class='ocrx_word' id='word_1_171' title='bbox 833 2343 884 2407; x_wconf 91' lang='lat' dir='ltr'>vel</span> <span class='ocrx_word' id='word_1_172' title='bbox 904 2348 992 2408; x_wconf 88' lang='lat' dir='ltr'>recte</span> <span class='ocrx_word' id='word_1_173' title='bbox 1014 2367 1046 2407; x_wconf 92' lang='grc' dir='ltr'>τι</span> <span class='ocrx_word' id='word_1_174' title='bbox 1067 2348 1142 2426; x_wconf 89' lang='lat' dir='ltr'>post</span> <span class='ocrx_word' id='word_1_175' title='bbox 1163 2339 1207 2430; x_wconf 80' lang='grc' dir='ltr'>μή</span> <span class='ocrx_word' id='word_1_176' title='bbox 1227 2342 1443 2406; x_wconf 87' lang='lat' dir='ltr'>inseruerunt.</span> 
     </span>
    </p>

    <p class='ocr_par' dir='ltr' id='par_1_7' title="bbox 233 2442 1442 2838">
     <span class='ocr_line' id='line_1_22' title="bbox 321 2442 1442 2530; baseline -0.005 -19"><span class='ocrx_word' id='word_1_177' title='bbox 321 2447 393 2511; x_wconf 90' lang='lat' dir='ltr'>Iam</span> <span class='ocrx_word' id='word_1_178' title='bbox 414 2467 489 2511; x_wconf 89' lang='lat' dir='ltr'>vero</span> <span class='ocrx_word' id='word_1_179' title='bbox 513 2467 585 2510; x_wconf 90' lang='lat' dir='ltr'>cum</span> <span class='ocrx_word' id='word_1_180' title='bbox 608 2447 797 2530; x_wconf 83' lang='lat' dir='ltr'>gravissima</span> <span class='ocrx_word' id='word_1_181' title='bbox 819 2466 902 2529; x_wconf 90' lang='lat' dir='ltr'>quae</span> <span class='ocrx_word' id='word_1_182' title='bbox 925 2451 999 2509; x_wconf 91' lang='lat' dir='ltr'>sunt</span> <span class='ocrx_word' id='word_1_183' title='bbox 1020 2446 1054 2508; x_wconf 86' lang='lat' dir='ltr'>in</span> <span class='ocrx_word' id='word_1_184' title='bbox 1077 2444 1272 2510; x_wconf 90' lang='lat' dir='ltr'>Prometheo</span> <span class='ocrx_word' id='word_1_185' title='bbox 1296 2442 1442 2527; x_wconf 86' lang='lat' dir='ltr'>exempla</span> 
     </span>
     <span class='ocr_line' id='line_1_23' title="bbox 233 2546 1440 2632; baseline -0.004 -18"><span class='ocrx_word' id='word_1_186' title='bbox 233 2549 427 2632; x_wconf 86' lang='lat' dir='ltr'>collegerim,</span> <span class='ocrx_word' id='word_1_187' title='bbox 452 2571 491 2614; x_wconf 87' lang='lat' dir='ltr'>ex</span> <span class='ocrx_word' id='word_1_188' title='bbox 505 2549 614 2614; x_wconf 89' lang='lat' dir='ltr'>Persis</span> <span class='ocrx_word' id='word_1_189' title='bbox 636 2569 764 2632; x_wconf 90' lang='lat' dir='ltr'>quoque</span> <span class='ocrx_word' id='word_1_190' title='bbox 784 2554 817 2613; x_wconf 91' lang='lat' dir='ltr'>et</span> <span class='ocrx_word' id='word_1_191' title='bbox 831 2547 963 2632; x_wconf 80' lang='lat' dir='ltr'>Septem</span> <span class='ocrx_word' id='word_1_192' title='bbox 976 2548 1062 2613; x_wconf 93' lang='lat' dir='ltr'>locos</span> <span class='ocrx_word' id='word_1_193' title='bbox 1078 2569 1132 2612; x_wconf 92' lang='lat' dir='ltr'>eos</span> <span class='ocrx_word' id='word_1_194' title='bbox 1148 2547 1290 2627; x_wconf 88' lang='lat' dir='ltr'>afferam,</span> <span class='ocrx_word' id='word_1_195' title='bbox 1314 2546 1440 2629; x_wconf 87' lang='lat' dir='ltr'>quibus,</span> 
     </span>
     <span class='ocr_line' id='line_1_24' title="bbox 233 2651 1439 2736; baseline -0.005 -20"><span class='ocrx_word' id='word_1_196' title='bbox 233 2674 304 2716; x_wconf 85' lang='lat' dir='ltr'>curn</span> <span class='ocrx_word' id='word_1_197' title='bbox 334 2653 367 2716; x_wconf 89' lang='lat' dir='ltr'>in</span> <span class='ocrx_word' id='word_1_198' title='bbox 395 2651 480 2716; x_wconf 89' lang='lat' dir='ltr'>Med.</span> <span class='ocrx_word' id='word_1_199' title='bbox 510 2657 608 2735; x_wconf 90' lang='lat' dir='ltr'>poeta</span> <span class='ocrx_word' id='word_1_200' title='bbox 636 2652 735 2716; x_wconf 88' lang='lat' dir='ltr'>verba</span> <span class='ocrx_word' id='word_1_201' title='bbox 765 2651 1048 2736; x_wconf 86' lang='lat' dir='ltr'>interpolationem</span> <span class='ocrx_word' id='word_1_202' title='bbox 1078 2657 1210 2734; x_wconf 84' lang='lat' dir='ltr'>experta</span> <span class='ocrx_word' id='word_1_203' title='bbox 1237 2651 1315 2731; x_wconf 88' lang='lat' dir='ltr'>sint,</span> <span class='ocrx_word' id='word_1_204' title='bbox 1346 2669 1439 2714; x_wconf 82' lang='lat' dir='ltr'>verae</span> 
     </span>
     <span class='ocr_line' id='line_1_25' title="bbox 234 2753 1129 2838; baseline -0.002 -18"><span class='ocrx_word' id='word_1_205' title='bbox 234 2755 381 2821; x_wconf 88' lang='lat' dir='ltr'>lectionis</span> <span class='ocrx_word' id='word_1_206' title='bbox 403 2755 538 2838; x_wconf 86' lang='lat' dir='ltr'>vestigia</span> <span class='ocrx_word' id='word_1_207' title='bbox 558 2755 593 2819; x_wconf 90' lang='lat' dir='ltr'>in</span> <span class='ocrx_word' id='word_1_208' title='bbox 615 2775 693 2820; x_wconf 86' lang='lat' dir='ltr'>rece.</span> <span class='ocrx_word' id='word_1_209' title='bbox 718 2753 884 2819; x_wconf 92' lang='lat' dir='ltr'>codibibus</span> <span class='ocrx_word' id='word_1_210' title='bbox 906 2754 1129 2818; x_wconf 89' lang='lat' dir='ltr'>remanserint.</span> 
     </span>
    </p>

    <p class='ocr_par' dir='ltr' id='par_1_8' title="bbox 317 2855 1221 2941">
     <span class='ocr_line' id='line_1_26' title="bbox 317 2855 1221 2941; baseline -0.003 -19"><span class='ocrx_word' id='word_1_211' title='bbox 317 2857 422 2922; x_wconf 89' lang='lat' dir='ltr'>Pers.</span> <span class='ocrx_word' id='word_1_212' title='bbox 447 2861 516 2921; x_wconf 78' lang='lat'>238</span> <span class='ocrx_word' id='word_1_213' title='bbox 538 2879 610 2922; x_wconf 91' lang='lat' dir='ltr'>oum</span> <span class='ocrx_word' id='word_1_214' title='bbox 632 2857 794 2941; x_wconf 89' lang='lat' dir='ltr'>plerisque</span> <span class='ocrx_word' id='word_1_215' title='bbox 815 2855 978 2920; x_wconf 87' lang='lat' dir='ltr'>codicibus</span> <span class='ocrx_word' id='word_1_216' title='bbox 1000 2857 1086 2920; x_wconf 87' lang='lat' dir='ltr'>Med.</span> <span class='ocrx_word' id='word_1_217' title='bbox 1109 2855 1221 2922; x_wconf 89' lang='lat' dir='ltr'>habet:</span> 
     </span>
    </p>

    <p class='ocr_par' dir='ltr' id='par_1_9' title="bbox 155 2953 1441 4483">
     <span class='ocr_line' id='line_1_27' title="bbox 155 2953 1364 3050; baseline 0 -28"><span class='ocrx_word' id='word_1_218' title='bbox 155 3043 157 3050; x_wconf 18' lang='lat' dir='ltr'>y</span> <span class='ocrx_word' id='word_1_219' title='bbox 382 2955 504 3044; x_wconf 89' lang='grc' dir='ltr'><em>πότερα</em></span> <span class='ocrx_word' id='word_1_220' title='bbox 525 2957 585 3046; x_wconf 78' lang='grc' dir='ltr'><em>μὰρ</em></span> <span class='ocrx_word' id='word_1_221' title='bbox 606 2956 776 3040; x_wconf 80' lang='grc' dir='ltr'><em>τοξουλκὸς</em></span> <span class='ocrx_word' id='word_1_222' title='bbox 797 2953 895 3046; x_wconf 81' lang='grc' dir='ltr'><em>οὶχμδη</em></span> <span class='ocrx_word' id='word_1_223' title='bbox 917 2957 973 3024; x_wconf 85' lang='grc' dir='ltr'>διὰ</span> <span class='ocrx_word' id='word_1_224' title='bbox 994 2956 1082 3044; x_wconf 82' lang='grc' dir='ltr'><em>χερὸς</em></span> <span class='ocrx_word' id='word_1_225' title='bbox 1102 2953 1212 3034; x_wconf 79' lang='grc' dir='ltr'><em>αὐτοῖς</em></span> <span class='ocrx_word' id='word_1_226' title='bbox 1234 2955 1364 3044; x_wconf 80' lang='grc' dir='ltr'><em>πρέπει,</em></span> 
     </span>
     <span class='ocr_line' id='line_1_28' title="bbox 236 3057 1441 3146; baseline 0.002 -22"><span class='ocrx_word' id='word_1_227' title='bbox 236 3058 355 3146; x_wconf 88' lang='grc' dir='ltr'><em>πρέπει</em></span> <span class='ocrx_word' id='word_1_228' title='bbox 379 3062 537 3144; x_wconf 87' lang='lat' dir='ltr'>praebent</span> <span class='ocrx_word' id='word_1_229' title='bbox 559 3085 630 3128; x_wconf 90' lang='lat' dir='ltr'>cum</span> <span class='ocrx_word' id='word_1_230' title='bbox 646 3063 754 3127; x_wconf 85' lang='lat' dir='ltr'>codice</span> <span class='ocrx_word' id='word_1_231' title='bbox 769 3062 856 3128; x_wconf 89' lang='lat' dir='ltr'>Med.</span> <span class='ocrx_word' id='word_1_232' title='bbox 873 3061 915 3128; x_wconf 82' lang='lat' dir='ltr'>G.</span> <span class='ocrx_word' id='word_1_233' title='bbox 939 3067 972 3126; x_wconf 93' lang='lat' dir='ltr'>et</span> <span class='ocrx_word' id='word_1_234' title='bbox 993 3061 1149 3144; x_wconf 90' lang='lat' dir='ltr'>plerique,</span> <span class='ocrx_word' id='word_1_235' title='bbox 1171 3061 1229 3126; x_wconf 91' lang='lat' dir='ltr'>sed</span> <span class='ocrx_word' id='word_1_236' title='bbox 1251 3057 1371 3126; x_wconf 80' lang='grc' dir='ltr'><em>πίπτει</em></span> <span class='ocrx_word' id='word_1_237' title='bbox 1394 3068 1441 3126; x_wconf 93' lang='lat' dir='ltr'>est</span> 
     </span>
     <span class='ocr_line' id='line_1_29' title="bbox 232 3162 1436 3249; baseline 0.001 -22"><span class='ocrx_word' id='word_1_238' title='bbox 232 3165 264 3228; x_wconf 90' lang='lat' dir='ltr'>in</span> <span class='ocrx_word' id='word_1_239' title='bbox 281 3165 370 3248; x_wconf 90' lang='lat' dir='ltr'>Lips.</span> <span class='ocrx_word' id='word_1_240' title='bbox 387 3165 464 3230; x_wconf 88' lang='lat' dir='ltr'>Par.</span> <span class='ocrx_word' id='word_1_241' title='bbox 481 3166 520 3228; x_wconf 80' lang='lat' dir='ltr'>F.</span> <span class='ocrx_word' id='word_1_242' title='bbox 536 3165 581 3230; x_wconf 92' lang='grc' dir='ltr'>Κ.</span> <span class='ocrx_word' id='word_1_243' title='bbox 597 3163 724 3249; x_wconf 89' lang='grc' dir='ltr'><em>πέμπει</em></span> <span class='ocrx_word' id='word_1_244' title='bbox 744 3166 778 3230; x_wconf 91' lang='lat' dir='ltr'>in</span> <span class='ocrx_word' id='word_1_245' title='bbox 793 3165 871 3246; x_wconf 84' lang='lat' dir='ltr'>Vit,</span> <span class='ocrx_word' id='word_1_246' title='bbox 894 3163 951 3230; x_wconf 89' lang='lat' dir='ltr'>sed</span> <span class='ocrx_word' id='word_1_247' title='bbox 973 3171 1131 3248; x_wconf 84' lang='lat' dir='ltr'>expuncto</span> <span class='ocrx_word' id='word_1_248' title='bbox 1153 3169 1267 3249; x_wconf 90' lang='lat' dir='ltr'>postea</span> <span class='ocrx_word' id='word_1_249' title='bbox 1281 3189 1315 3246; x_wconf 92' lang='grc' dir='ltr'>μ.</span> <span class='ocrx_word' id='word_1_250' title='bbox 1358 3162 1436 3230; x_wconf 91' lang='lat' dir='ltr'>Ven.</span> 
     </span>
     <span class='ocr_line' id='line_1_30' title="bbox 232 3264 1439 3354; baseline 0.001 -24"><span class='ocrx_word' id='word_1_251' title='bbox 232 3267 289 3348; x_wconf 91' lang='lat' dir='ltr'>B.,</span> <span class='ocrx_word' id='word_1_252' title='bbox 319 3268 374 3348; x_wconf 90' lang='lat' dir='ltr'>qui</span> <span class='ocrx_word' id='word_1_253' title='bbox 402 3273 526 3332; x_wconf 88' lang='lat' dir='ltr'>mutato</span> <span class='ocrx_word' id='word_1_254' title='bbox 556 3270 727 3333; x_wconf 81' lang='lat' dir='ltr'>verborum</span> <span class='ocrx_word' id='word_1_255' title='bbox 755 3267 866 3333; x_wconf 91' lang='lat' dir='ltr'>ordine</span> <span class='ocrx_word' id='word_1_256' title='bbox 893 3267 1022 3351; x_wconf 88' lang='lat' dir='ltr'>scripsit</span> <span class='ocrx_word' id='word_1_257' title='bbox 1049 3264 1171 3354; x_wconf 86' lang='grc' dir='ltr'><em>πότερα</em></span> <span class='ocrx_word' id='word_1_258' title='bbox 1193 3264 1252 3354; x_wconf 77' lang='grc' dir='ltr'><em>γὰρ</em></span> <span class='ocrx_word' id='word_1_259' title='bbox 1271 3264 1439 3348; x_wconf 74' lang='grc' dir='ltr'><em>τοξουλκὸς</em></span> 
     </span>
     <span class='ocr_line' id='line_1_31' title="bbox 234 3364 1436 3458; baseline 0.002 -26"><span class='ocrx_word' id='word_1_260' title='bbox 234 3364 343 3444; x_wconf 76' lang='grc' dir='ltr'>αι’·τοῖς</span> <span class='ocrx_word' id='word_1_261' title='bbox 375 3364 472 3457; x_wconf 76' lang='grc' dir='ltr'><em>αἰχμὴ</em></span> <span class='ocrx_word' id='word_1_262' title='bbox 498 3368 553 3436; x_wconf 84' lang='grc' dir='ltr'>διὰ</span> <span class='ocrx_word' id='word_1_263' title='bbox 581 3368 670 3458; x_wconf 88' lang='grc' dir='ltr'><em>χερὸς</em></span> <span class='ocrx_word' id='word_1_264' title='bbox 696 3367 817 3458; x_wconf 74' lang='grc' dir='ltr'>ταράττει</span> <span class='ocrx_word' id='word_1_265' title='bbox 845 3371 958 3434; x_wconf 87' lang='lat' dir='ltr'>vitium</span> <span class='ocrx_word' id='word_1_266' title='bbox 986 3371 1062 3434; x_wconf 89' lang='lat' dir='ltr'>vitio</span> <span class='ocrx_word' id='word_1_267' title='bbox 1089 3370 1315 3454; x_wconf 82' lang='lat' dir='ltr'>compensavit.</span> <span class='ocrx_word' id='word_1_268' title='bbox 1358 3371 1436 3434; x_wconf 91' lang='lat' dir='ltr'>Din-</span> 
     </span>
     <span class='ocr_line' id='line_1_32' title="bbox 233 3471 1439 3559; baseline -0.002 -23"><span class='ocrx_word' id='word_1_269' title='bbox 233 3471 354 3536; x_wconf 62' lang='lat' dir='ltr'>do&#39;rfius</span> <span class='ocrx_word' id='word_1_270' title='bbox 398 3494 470 3538; x_wconf 91' lang='lat' dir='ltr'>cum</span> <span class='ocrx_word' id='word_1_271' title='bbox 508 3473 672 3539; x_wconf 86' lang='lat' dir='ltr'>Brunckio</span> <span class='ocrx_word' id='word_1_272' title='bbox 715 3474 842 3556; x_wconf 88' lang='lat' dir='ltr'>scripsit</span> <span class='ocrx_word' id='word_1_273' title='bbox 882 3475 988 3559; x_wconf 84' lang='grc' dir='ltr'><em>χερῶν,</em></span> <span class='ocrx_word' id='word_1_274' title='bbox 1033 3473 1257 3538; x_wconf 88' lang='lat' dir='ltr'>Kirchhoffius</span> <span class='ocrx_word' id='word_1_275' title='bbox 1292 3472 1439 3556; x_wconf 83' lang='lat' dir='ltr'>probavit</span> 
     </span>
     <span class='ocr_line' id='line_1_33' title="bbox 235 3573 1437 3661; baseline -0.002 -23"><span class='ocrx_word' id='word_1_276' title='bbox 235 3575 381 3640; x_wconf 86' lang='lat' dir='ltr'>Elmsleii</span> <span class='ocrx_word' id='word_1_277' title='bbox 402 3576 618 3640; x_wconf 88' lang='lat' dir='ltr'>coniecturam</span> <span class='ocrx_word' id='word_1_278' title='bbox 639 3580 750 3661; x_wconf 85' lang='grc' dir='ltr'><em>χεροῖν,</em></span> <span class='ocrx_word' id='word_1_279' title='bbox 765 3575 828 3640; x_wconf 88' lang='lat' dir='ltr'>sed</span> <span class='ocrx_word' id='word_1_280' title='bbox 850 3581 937 3640; x_wconf 91' lang='lat' dir='ltr'>recte</span> <span class='ocrx_word' id='word_1_281' title='bbox 959 3575 1038 3640; x_wconf 90' lang='lat' dir='ltr'>mihi</span> <span class='ocrx_word' id='word_1_282' title='bbox 1060 3576 1186 3641; x_wconf 85' lang='lat' dir='ltr'>videtur</span> <span class='ocrx_word' id='word_1_283' title='bbox 1201 3574 1375 3641; x_wconf 76' lang='lat' dir='ltr'>Teuffelius</span> <span class='ocrx_word' id='word_1_284' title='bbox 1398 3573 1437 3638; x_wconf 89' lang='lat' dir='ltr'>ad</span> 
     </span>
     <span class='ocr_line' id='line_1_34' title="bbox 232 3677 1436 3762; baseline 0.001 -22"><span class='ocrx_word' id='word_1_285' title='bbox 232 3677 317 3742; x_wconf 92' lang='lat' dir='ltr'>hunc</span> <span class='ocrx_word' id='word_1_286' title='bbox 346 3699 472 3742; x_wconf 87' lang='lat' dir='ltr'>versum</span> <span class='ocrx_word' id='word_1_287' title='bbox 502 3678 688 3761; x_wconf 89' lang='lat' dir='ltr'>adnotasse,</span> <span class='ocrx_word' id='word_1_288' title='bbox 718 3686 890 3761; x_wconf 91' lang='lat' dir='ltr'>utrumque</span> <span class='ocrx_word' id='word_1_289' title='bbox 912 3679 1061 3743; x_wconf 84' lang='lat' dir='ltr'>usitatius</span> <span class='ocrx_word' id='word_1_290' title='bbox 1084 3699 1152 3743; x_wconf 90' lang='lat' dir='ltr'>esse</span> <span class='ocrx_word' id='word_1_291' title='bbox 1175 3678 1311 3760; x_wconf 91' lang='lat' dir='ltr'>dictum,</span> <span class='ocrx_word' id='word_1_292' title='bbox 1343 3698 1436 3762; x_wconf 91' lang='lat' dir='ltr'>quam</span> 
     </span>
     <span class='ocr_line' id='line_1_35' title="bbox 230 3781 1436 3864; baseline -0.001 -19"><span class='ocrx_word' id='word_1_293' title='bbox 230 3787 266 3845; x_wconf 92' lang='lat' dir='ltr'>ut</span> <span class='ocrx_word' id='word_1_294' title='bbox 287 3781 469 3864; x_wconf 86' lang='lat' dir='ltr'>corruptela</span> <span class='ocrx_word' id='word_1_295' title='bbox 487 3781 709 3864; x_wconf 86' lang='lat' dir='ltr'>explicaretur.</span> <span class='ocrx_word' id='word_1_296' title='bbox 755 3781 954 3846; x_wconf 81' lang='lat' dir='ltr'>Emendasse</span> <span class='ocrx_word' id='word_1_297' title='bbox 969 3789 1077 3847; x_wconf 89' lang='lat' dir='ltr'>autem</span> <span class='ocrx_word' id='word_1_298' title='bbox 1093 3781 1219 3848; x_wconf 87' lang='lat' dir='ltr'>videtur</span> <span class='ocrx_word' id='word_1_299' title='bbox 1234 3781 1320 3846; x_wconf 92' lang='lat' dir='ltr'>hunc</span> <span class='ocrx_word' id='word_1_300' title='bbox 1334 3781 1436 3846; x_wconf 92' lang='lat' dir='ltr'>locum</span> 
     </span>
     <span class='ocr_line' id='line_1_36' title="bbox 230 3873 1436 3971; baseline -0.002 -22"><span class='ocrx_word' id='word_1_301' title='bbox 230 3884 453 3964; x_wconf 89' lang='lat' dir='ltr'>Hermannus,</span> <span class='ocrx_word' id='word_1_302' title='bbox 481 3884 536 3966; x_wconf 88' lang='lat' dir='ltr'>qui</span> <span class='ocrx_word' id='word_1_303' title='bbox 565 3905 603 3947; x_wconf 88' lang='lat' dir='ltr'>ex</span> <span class='ocrx_word' id='word_1_304' title='bbox 630 3885 820 3950; x_wconf 89' lang='lat' dir='ltr'>scholiastae</span> <span class='ocrx_word' id='word_1_305' title='bbox 849 3885 892 3949; x_wconf 89' lang='lat' dir='ltr'>A.</span> <span class='ocrx_word' id='word_1_306' title='bbox 914 3885 1142 3968; x_wconf 86' lang='lat' dir='ltr'>explicatione:</span> <span class='ocrx_word' id='word_1_307' title='bbox 1176 3873 1247 3971; x_wconf 80' lang='grc' dir='ltr'><em>δρα,</em></span> <span class='ocrx_word' id='word_1_308' title='bbox 1270 3880 1360 3971; x_wconf 81' lang='grc' dir='ltr'><em>φησί,</em></span> <span class='ocrx_word' id='word_1_309' title='bbox 1384 3879 1436 3946; x_wconf 83' lang='grc' dir='ltr'>διὰ</span> 
     </span>
     <span class='ocr_line' id='line_1_37' title="bbox 229 3979 1436 4076; baseline 0 -26"><span class='ocrx_word' id='word_1_310' title='bbox 229 3991 294 4050; x_wconf 90' lang='grc' dir='ltr'><em>τῶν</em></span> <span class='ocrx_word' id='word_1_311' title='bbox 319 3989 430 4070; x_wconf 87' lang='grc' dir='ltr'><em>χειρῶν</em></span> <span class='ocrx_word' id='word_1_312' title='bbox 457 3979 567 4061; x_wconf 79' lang='grc' dir='ltr'><em>αἰτεῖς</em></span> <span class='ocrx_word' id='word_1_313' title='bbox 594 3984 755 4073; x_wconf 78' lang='grc' dir='ltr'><em>ἐμπρέπει</em></span> <span class='ocrx_word' id='word_1_314' title='bbox 783 3983 902 4076; x_wconf 72' lang='grc' dir='ltr'><em>ἡβολὴ</em></span> <span class='ocrx_word' id='word_1_315' title='bbox 924 3983 943 4075; x_wconf 76' lang='grc' dir='ltr'><em>ἡ</em></span> <span class='ocrx_word' id='word_1_316' title='bbox 965 3985 1090 4075; x_wconf 70' lang='grc' dir='ltr'>τοξικης</span> <span class='ocrx_word' id='word_1_317' title='bbox 1112 3988 1253 4052; x_wconf 86' lang='lat' dir='ltr'>restituit</span> <span class='ocrx_word' id='word_1_318' title='bbox 1275 3985 1330 4052; x_wconf 84' lang='grc' dir='ltr'>διὰ</span> <span class='ocrx_word' id='word_1_319' title='bbox 1351 3983 1436 4072; x_wconf 85' lang='grc' dir='ltr'><em>χερός</em></span> 
     </span>
     <span class='ocr_line' id='line_1_38' title="bbox 228 4080 1434 4176; baseline -0.002 -22"><span class='ocrx_word' id='word_1_320' title='bbox 228 4111 307 4176; x_wconf 86' lang='grc' dir='ltr'><em>σφιν</em></span> <span class='ocrx_word' id='word_1_321' title='bbox 334 4080 505 4175; x_wconf 79' lang='grc' dir='ltr'><em>ἐμπρέπει.</em></span> <span class='ocrx_word' id='word_1_322' title='bbox 552 4091 732 4159; x_wconf 88' lang='lat' dir='ltr'>Verisimile</span> <span class='ocrx_word' id='word_1_323' title='bbox 762 4092 846 4156; x_wconf 90' lang='lat' dir='ltr'>enim</span> <span class='ocrx_word' id='word_1_324' title='bbox 872 4097 921 4155; x_wconf 87' lang='lat' dir='ltr'>est</span> <span class='ocrx_word' id='word_1_325' title='bbox 946 4091 989 4156; x_wconf 89' lang='lat' dir='ltr'>ad</span> <span class='ocrx_word' id='word_1_326' title='bbox 1018 4111 1096 4176; x_wconf 86' lang='grc' dir='ltr'><em>σφιν</em></span> <span class='ocrx_word' id='word_1_327' title='bbox 1122 4089 1319 4173; x_wconf 86' lang='lat' dir='ltr'>adscriptam</span> <span class='ocrx_word' id='word_1_328' title='bbox 1341 4089 1434 4155; x_wconf 82' lang='lat' dir='ltr'>luisse</span> 
     </span>
     <span class='ocr_line' id='line_1_39' title="bbox 227 4186 1435 4278; baseline -0.001 -22"><span class='ocrx_word' id='word_1_329' title='bbox 227 4192 368 4275; x_wconf 91' lang='lat' dir='ltr'>glossam</span> <span class='ocrx_word' id='word_1_330' title='bbox 390 4186 513 4274; x_wconf 75' lang='grc' dir='ltr'>αὐτοῖς,</span> <span class='ocrx_word' id='word_1_331' title='bbox 537 4214 620 4274; x_wconf 89' lang='lat' dir='ltr'>quae</span> <span class='ocrx_word' id='word_1_332' title='bbox 643 4214 713 4258; x_wconf 91' lang='lat' dir='ltr'>cum</span> <span class='ocrx_word' id='word_1_333' title='bbox 736 4194 768 4258; x_wconf 95' lang='lat' dir='ltr'>in</span> <span class='ocrx_word' id='word_1_334' title='bbox 791 4199 916 4258; x_wconf 87' lang='lat' dir='ltr'>textum</span> <span class='ocrx_word' id='word_1_335' title='bbox 937 4193 1119 4278; x_wconf 89' lang='lat' dir='ltr'>irrepsisset</span> <span class='ocrx_word' id='word_1_336' title='bbox 1141 4194 1298 4278; x_wconf 89' lang='lat' dir='ltr'>syllabam</span> <span class='ocrx_word' id='word_1_337' title='bbox 1320 4191 1358 4278; x_wconf 90' lang='grc' dir='ltr'>ἐμ</span> <span class='ocrx_word' id='word_1_338' title='bbox 1381 4211 1435 4256; x_wconf 88' lang='lat' dir='ltr'>sua</span> 
     </span>
     <span class='ocr_line' id='line_1_40' title="bbox 226 4285 1432 4381; baseline -0.002 -22"><span class='ocrx_word' id='word_1_339' title='bbox 226 4294 302 4360; x_wconf 92' lang='lat' dir='ltr'>sede</span> <span class='ocrx_word' id='word_1_340' title='bbox 325 4295 471 4360; x_wconf 87' lang='lat' dir='ltr'>deiceret.</span> <span class='ocrx_word' id='word_1_341' title='bbox 514 4295 629 4380; x_wconf 90' lang='lat' dir='ltr'>Atque</span> <span class='ocrx_word' id='word_1_342' title='bbox 651 4297 821 4381; x_wconf 88' lang='lat' dir='ltr'>vestigium</span> <span class='ocrx_word' id='word_1_343' title='bbox 843 4317 937 4362; x_wconf 86' lang='lat' dir='ltr'>verae</span> <span class='ocrx_word' id='word_1_344' title='bbox 959 4285 1106 4361; x_wconf 86' lang='lat' dir='ltr'>lectionis</span> <span class='ocrx_word' id='word_1_345' title='bbox 1130 4297 1357 4378; x_wconf 78' lang='lat' dir='ltr'>servavitVit,</span> <span class='ocrx_word' id='word_1_346' title='bbox 1380 4294 1432 4377; x_wconf 90' lang='lat' dir='ltr'>qui</span> 
     </span>
     <span class='ocr_line' id='line_1_41' title="bbox 227 4395 1432 4483; baseline -0.003 -21"><span class='ocrx_word' id='word_1_347' title='bbox 227 4395 353 4481; x_wconf 82' lang='grc' dir='ltr'><em>πέμπει</em></span> <span class='ocrx_word' id='word_1_348' title='bbox 376 4397 484 4462; x_wconf 90' lang='lat' dir='ltr'>habet.</span> <span class='ocrx_word' id='word_1_349' title='bbox 529 4397 740 4481; x_wconf 90' lang='lat' dir='ltr'>Perspicuum</span> <span class='ocrx_word' id='word_1_350' title='bbox 763 4401 848 4464; x_wconf 89' lang='lat' dir='ltr'>enim</span> <span class='ocrx_word' id='word_1_351' title='bbox 870 4406 918 4465; x_wconf 89' lang='lat' dir='ltr'>est</span> <span class='ocrx_word' id='word_1_352' title='bbox 935 4400 1068 4464; x_wconf 85' lang='lat' dir='ltr'>verbum</span> <span class='ocrx_word' id='word_1_353' title='bbox 1085 4397 1222 4483; x_wconf 85' lang='grc' dir='ltr'><em>πέμπει,</em></span> <span class='ocrx_word' id='word_1_354' title='bbox 1245 4401 1341 4482; x_wconf 91' lang='lat' dir='ltr'>quod,</span> <span class='ocrx_word' id='word_1_355' title='bbox 1365 4419 1432 4462; x_wconf 90' lang='lat' dir='ltr'>cum</span> 
     </span>
    </p>
   </div>
   <div class='ocr_carea' id='block_1_3' title="bbox 0 0 1572 4998">
    <p class='ocr_par' dir='ltr' id='par_1_10' title="bbox 0 0 1572 4998">
     <span class='ocr_line' id='line_1_42' title="bbox 0 0 1572 4998; baseline 0 2"><span class='ocrx_word' id='word_1_356' title='bbox 0 0 1572 4998; x_wconf 95' lang='lat' dir='ltr'> </span> 
     </span>
    </p>
   </div>
  </div>
 </body>
</html>
