3134 4998
695 305 736 371 21

444 504 588 585 πτερὺγων
611 497 707 585 ῥιπαῖς
728 497 897 586 ὑποσυρίζει.

444 618 502 674 πᾶν
524 630 574 695 μοι
596 609 719 692 φοβερὸν
741 613 773 672 τὸ
796 613 966 693 προσέρπον.

170 742 173 750 ’
224 715 385 781 Habemus
408 716 507 799 igitur
529 716 708 781 restitutam
731 699 765 779 i'n
788 720 926 799 utroque
948 718 1118 800 systemate
1143 715 1277 800 περίοδον

158 822 367 908 ἀναπαιστικὴν
397 820 697 908 ἑπτακαιδεπάμεπρον
726 820 913 887 ὲννεάιιωλον.
966 821 1111 905 Denique
1142 844 1175 886 re
1207 822 1278 905 ipsa

158 931 240 995 ratic
264 930 493 1014 antistrophica
516 929 705 1013 postulatur.
753 928 810 993 Est
832 930 917 994 enim
939 931 1072 1013 stropha
1095 951 1167 994 cunr
1191 929 1276 994 anti-

158 1037 290 1123 stropho
314 1038 403 1122 quasi
426 1059 552 1103 carmen
578 1059 632 1121 per
654 1059 686 1102 se
709 1037 877 1103 monodias
899 1037 1067 1117 intextum,
1100 1059 1172 1103 cum
1200 1037 1277 1101 ante

158 1148 328 1229 utrumque
358 1149 495 1229 systema
527 1144 658 1230 perinde
690 1144 822 1211 advocet
844 1144 1052 1210 Prometheus
1084 1146 1276 1228 spectatores

158 1254 242 1319 mala
264 1254 535 1337 contemplaturos
558 1255 590 1318 et
612 1252 722 1318 modos
744 1251 862 1317 flebiles
885 1251 1056 1329 audituros,
1081 1274 1117 1317 ac
1136 1249 1274 1315 sidicat:

158 1359 302 1425 advenite
334 1381 443 1425 ornnes
476 1365 508 1425 et
540 1357 646 1424 ἐάσατέ
674 1383 709 1447 με
737 1360 914 1446 μονῳδῆσαι
944 1358 1000 1424 cfr.
1030 1358 1126 1426 Arist.
1150 1357 1275 1424 Thesm.

160 1467 254 1532 1077.

222 1573 426 1639 Pervenimus
448 1595 535 1638 nunc
556 1572 596 1638 ad
621 1575 734 1658 paredi
756 1577 928 1660 systemata
951 1575 1162 1658 anapaestica,
1194 1594 1277 1657 quse

157 1681 241 1745 inter
264 1685 370 1763 partes
393 1679 519 1745 melicas
550 1682 596 1745 ita
628 1686 703 1747 sunt
735 1682 933 1766 interposita,
966 1685 1004 1747 ut
1035 1682 1096 1746 hae
1127 1703 1147 1745 a
1180 1679 1276 1746 choro

158 1791 315 1881 cantatae.
343 1786 406 1852 illis
439 1787 619 1853 Promethei
655 1789 910 1873 interpellentur.
966 1788 1056 1864 Quod
1087 1809 1163 1853 vero
1195 1785 1277 1851 Her-

158 1901 294 1960 mannus
316 1895 491 1978 suspicatus
513 1901 569 1974 est,
604 1918 685 1980 quae
717 1896 807 1962 chori
839 1895 1030 1960 carminibus
1053 1896 1276 1973 insererentur,

158 2003 191 2066 in
214 2001 444 2086 antistrophioa
467 2001 562 2067 fuisse
585 2006 704 2081 coacta,
730 2003 768 2068 de
791 2003 840 2067 his
863 2003 1043 2086 anapaestis
1060 2001 1198 2066 dubitari
1221 2022 1277 2065 ne-

157 2109 237 2192 quit,
260 2109 447 2193 praesertim
469 2132 541 2174 cum
565 2109 628 2174 duo
652 2110 761 2194 priora
784 2113 956 2196 systemata
979 2111 1120 2175 colorum
1144 2129 1276 2173 numero

156 2219 324 2300 tantopere
356 2219 492 2300 aequata
523 2217 596 2296 siut,
630 2222 667 2282 ut
695 2218 1000 2301 antistrophicorum
1023 2217 1158 2301 speciem
1181 2215 1277 2280 etiam

158 2320 326 2388 obtrudere
348 2322 525 2390 videantur.
574 2321 675 2388 Offert
707 2324 791 2390 euim
823 2324 938 2389 codicis
961 2322 1094 2389 Medicei
1125 2323 1277 2388 memoria

157 2427 239 2493 hano
262 2429 432 2494 rationem:

521 2515 560 2581 X.
585 2540 614 2581 οι.
631 2515 696 2601 ·Πρ.
722 2515 795 2588 7¹la.
821 2517 860 2582 σι’.
887 2519 917 2584 l.

225 2641 376 2707 Videmus
398 2642 498 2727 igitur
520 2643 724 2707 novissimum
756 2645 893 2726 systema
920 2643 1065 2726 proximo
1088 2664 1153 2706 uno
1177 2641 1276 2707 hemi-

158 2749 272 2814 stichio
305 2748 430 2813 brevius
461 2771 534 2828 esse,
568 2749 653 2833 quod
685 2753 792 2815 tamen
821 2749 1047 2814 detrimentum
1076 2749 1277 2835 neglegentia

160 2858 267 2921 crtum
283 2854 375 2919 facile
389 2857 531 2921 resarciri
545 2859 659 2940 potest,
683 2857 709 2921 si
728 2858 820 2922 alteri
834 2856 998 2941 systemati
1012 2860 1108 2940 caput
1122 2856 1277 2921 abscisum

159 2962 332 3040 reddimus,
357 2962 441 3046 quod
465 2968 534 3028 erat
556 2960 619 3028 αἰαῖ
641 2960 718 3040 αἰαῖ,
751 2986 832 3048 qnae
854 2964 1085 3029 interiectiones
1109 2963 1277 3029 verborum

159 3071 309 3136 similium
323 3070 486 3136 vicinitate
504 3069 599 3136 ἀϊστοῖ
621 3077 653 3136 et
674 3069 700 3135 εἰ
715 3075 770 3156 γὰρ
793 3071 997 3138 oblituerunt.
1034 3071 1145 3156 Neque
1159 3070 1276 3138 Weilio

160 3179 321 3256 assentior,
355 3178 409 3262 qui
434 3179 586 3244 orationis
609 3180 747 3244 nitorem
769 3179 816 3242 ita
839 3177 1010 3244 restituisse
1032 3178 1091 3243 sibi
1114 3179 1197 3244 visus
1220 3182 1276 3259 est,

161 3291 197 3351 ut
228 3287 262 3351 in
294 3287 399 3371 priore
421 3290 592 3372 systemate
614 3289 715 3360 παῖδες
739 3292 770 3351 et
792 3285 942 3363 Ὠκεανοῦ,
975 3308 1056 3370 quae
1087 3287 1277 3372 interpreta-

160 3397 269 3459 menta
297 3393 397 3470 duxit,
428 3391 555 3459 deleret.
602 3393 823 3459 Pleonasmunr
855 3394 940 3459 enim
971 3395 1096 3459 nullum
1128 3417 1192 3459 esse
1224 3395 1277 3461 de-

161 3501 351 3566 monstravit
382 3499 597 3565 Blomfieldius
629 3502 664 3565 in
696 3501 770 3568 edit.
794 3502 848 3569 alt.
873 3524 903 3586 p.
930 3502 981 3568 13.
1027 3501 1139 3587 Neque
1171 3526 1278 3570 emen-

162 3608 304 3673 dationes
335 3609 465 3692 accipio,
498 3607 612 3692 quihus
635 3607 846 3688 Hermannus,
880 3608 1066 3674 Diudorfius
1098 3610 1152 3675 alii
1175 3613 1278 3676 versui

165 3715 237 3781 156.
262 3715 411 3799 opitulati
433 3718 518 3800 sunt,
551 3737 629 3799 quas
655 3739 695 3780 ne
722 3716 842 3782 multus
864 3717 923 3781 sim
946 3739 1012 3782 uon
1035 3719 1175 3784 afferam.
1221 3719 1279 3785 Est

164 3823 249 3888 enim
270 3824 427 3908 scriptura
449 3821 580 3887 Medicei
604 3823 695 3888 haec:
720 3821 761 3896 ὣς
785 3829 896 3910 μήποτε
919 3826 992 3898 θεὸς
1014 3830 1087 3912 μήτε
1109 3847 1151 3899 τις
1174 3825 1276 3902 ἄλλος.

163 3929 364 4009 Tonantibus,
387 3952 469 4013 quse
491 3931 605 3995 chorus
627 3931 760 4014 stropha
778 3931 880 3997 altera
893 3932 1083 3998 Prometheo
1097 3934 1277 4018 respondet,

162 4039 278 4122 sponte
300 4058 337 4101 ea
360 4037 489 4120 quaeis
512 4042 605 4102 antea
629 4039 818 4121 ploraverat,
843 4046 1026 4107 nascuntur.
1065 4039 1171 4127 Negat
1194 4043 1279 4109 enim

164 4144 287 4222 chorus,
312 4165 502 4228 quemquam
526 4145 655 4210 deorum
679 4149 746 4211 tam
768 4147 925 4212 crudelem
948 4169 1020 4226 esse,
1045 4154 1082 4214 ut
1100 4149 1279 4216 Promethei

164 4251 256 4314 malis
278 4248 416 4336 gaudeat
438 4255 564 4334 praeter
587 4252 700 4320 lovem
740 4252 862 4338 Iupiter
884 4255 983 4340 igitur
1005 4256 1088 4320 solus
1107 4258 1280 4322 malevolus

165 4359 276 4424 ceteris
298 4357 357 4423 diis
379 4361 563 4442 opponitur.
610 4361 679 4437 Quo
711 4384 750 4426 ex
776 4362 864 4428 chori
887 4384 1036 4446 responso
1059 4365 1176 4452 colligo
1198 4365 1279 4432 Pro-
