3134 4998
786 301 828 372 10

701 392 913 404 ——nnna

248 498 447 585 πράσσοντ’·
470 497 537 582 ἐγώ.
586 498 762 579 Assentior,
793 501 912 586 qnippe
942 521 1023 585 quae
1054 498 1232 566 emendatio
1264 501 1360 568 etiam

245 609 402 674 sententia
425 607 612 692 postuletur,
637 631 709 672 nam
733 613 832 674 semet
854 608 957 692 ipsum
983 611 1032 674 τὸν
1062 621 1166 684 κακῶς
1192 611 1361 694 πράσσοντα

247 715 317 780 vnlt
338 715 483 802 intellegi
504 715 722 793 Prometheus,
746 719 784 782 ut
806 737 844 782 ex
866 720 935 782 tota
960 714 1124 781 verborum
1147 715 1360 800 perpetuitate

246 825 351 907 potest
373 823 490 909 colligi.
536 821 748 908 Nequaquam
779 845 853 887 varo
886 822 995 888 eodem
1022 823 1117 888 modo
1146 822 1358 906 probaverim,

248 929 333 1015 quod
363 931 397 996 iu
427 953 455 998 ν.
479 930 553 998 472.
585 933 739 1004 πέπονθας
771 927 887 1004 ἀεικὲς
917 930 1003 1016 πῆμ’·
1035 928 1217 1018 ἀποσφαλεὶς
1249 941 1360 1018 φρενῶν

247 1036 332 1102 docti
354 1037 560 1104 restituerunt
589 1035 693 1111 αἰκὲς.
746 1037 856 1122 Neque
886 1038 970 1104 enim
1001 1037 1175 1122 quidquam
1206 1037 1246 1102 ad
1279 1037 1372 1102 eins-'

243 1143 330 1210 modi
355 1143 531 1231 corrigendi
555 1145 710 1211 rationem
732 1144 941 1210 excusandam
969 1145 1161 1222 attulerunt,
1194 1165 1234 1209 ne
1261 1166 1361 1210 unum

247 1250 374 1335 quidem
397 1252 575 1336 exemplum
598 1274 637 1316 ex
659 1252 788 1337 reliquis
810 1252 983 1337 tragoediis
1005 1251 1186 1336 Aeschyleis
1213 1252 1248 1316 in
1275 1272 1361 1316 com-

247 1358 446 1440 parationem
471 1380 580 1424 vocare
603 1361 761 1443 poterent,
785 1381 887 1442 neque
910 1382 948 1424 ex
971 1358 1162 1444 Sophocleis,
1186 1358 1240 1423 ubi
1259 1357 1360 1442 parti-

246 1464 305 1528 bus
327 1466 444 1531 melicis
466 1466 619 1565 insartnyn
643 1464 744 1552 ἀεικής
766 1467 859 1534 metri
882 1488 975 1532 causa
998 1470 1177 1551 correptum
1200 1466 1251 1530 sit.
1298 1464 1360 1530 Ac·

246 1571 328 1635 aedit
354 1570 440 1655 quod
471 1572 504 1636 in
533 1571 734 1650 Prometheo,
767 1573 822 1638 ubi
853 1577 979 1656 praeter
1006 1573 1092 1638 hunc
1122 1573 1227 1638 locum
1256 1571 1361 1636 forma

249 1676 350 1764 ἀεικής
373 1681 423 1744 ter
450 1684 602 1763 usurpata
633 1682 693 1756 est,
725 1679 895 1766 dissyllaba
927 1701 992 1745 non
1024 1682 1126 1744 exstat
1156 1678 1212 1761 (cf.
1236 1701 1284 1743 vv.
1307 1679 1360 1756 97,

248 1783 323 1864 525,
350 1787 459 1871 1042),
483 1787 560 1871 quin
583 1786 748 1871 trisyllaba
771 1788 805 1852 in
829 1788 897 1870 ipso
919 1787 1063 1852 trimetro
1087 1786 1129 1869 (v.
1154 1787 1242 1864 525.)
1271 1785 1360 1851 nobis

248 1893 392 1970 occurrit,
417 1894 475 1958 etsi
497 1893 596 1980 longa
618 1892 742 1980 syllaba
764 1894 970 1978 praecedente
993 1893 1033 1959 ad
1056 1898 1262 1978 anapaestum
1285 1914 1360 1958 con·

246 1998 449 2066 formandum
474 2000 553 2065 nihil
576 2000 669 2064 valet.
716 2001 785 2076 Quo
814 2001 915 2087 magis
942 2001 1058 2066 mirum
1090 2005 1150 2078 est,
1183 2000 1267 2084 quod
1301 2000 1361 2066 hoo

246 2106 316 2171 loco
339 2106 508 2172 verborum
535 2106 613 2171 ordo
642 2128 706 2171 non
739 2108 786 2172 ita
816 2110 863 2172 est
894 2108 1072 2186 institutus,
1104 2110 1142 2172 ut
1173 2109 1361 2191 anapaestus

247 2212 411 2280 deleretur.
451 2213 511 2278 Sed
534 2213 628 2280 huius
651 2213 847 2278 difficultatis
870 2213 1031 2280 tollendae
1049 2235 1143 2280 cansa
1159 2212 1362 2298 dissyllabam

245 2319 379 2386 formam
403 2324 571 2405 propterea
594 2321 760 2386 restituere
782 2322 949 2400 nonlicet,
974 2320 1061 2405 quod
1074 2320 1170 2385 ceteri
1185 2320 1245 2386 loci
1258 2321 1359 2385 solam

245 2427 443 2511 trisyllabum
458 2429 603 2496 offerunt.
641 2429 785 2512 Denique
805 2427 970 2512 trisyllabo
994 2428 1073 2512 pede
1095 2427 1266 2492 iniucunda
1290 2448 1360 2494 cae·

246 2556 319 2598 sura
343 2535 453 2615 media,
478 2557 541 2620 qua
565 2538 677 2602 contra
702 2536 804 2622 legem
827 2534 1039 2620 rhythmicam
1063 2532 1361 2620 ὀκτωκαιδενάσηρον

246 2644 374 2728 μέγεθος
395 2644 429 2707 in
453 2643 531 2706 duas
554 2643 700 2726 aequales
722 2645 828 2726 partes
851 2642 1010 2720 dividitur,
1040 2641 1160 2726 aliquid
1183 2641 1360 2726 mitigatur.

247 2747 306 2812 His
325 2748 480 2828 decausis
498 2749 654 2832 scriptura
673 2747 792 2814 tradita
812 2770 862 2814 me
881 2748 1006 2832 quidem
1029 2749 1130 2814 indice
1148 2747 1285 2813 tenenda
1302 2748 1359 2814 est.

247 2855 336 2930 Quod
359 2855 440 2920 idem
468 2854 572 2920 iudico
601 2859 714 2920 contra
733 2854 918 2934 Personam,
943 2855 998 2939 qni
1016 2856 1120 2922 versui
1139 2856 1213 2922 246.
1231 2857 1360 2940 καὶμὴν

247 2963 341 3050 φίλοις
363 2959 517 3035 ἐλεεινὸς
539 2959 654 3047 εἰσορᾶν
672 2959 730 3044 ἐγώ
751 2963 892 3026 omnium
912 2962 1054 3028 codicum
1069 2962 1257 3028 anctoritate
1274 2965 1359 3044 post·

247 3069 356 3135 habita
382 3067 518 3142 ἐλεινὸς
542 3091 599 3154 pro
623 3068 745 3142 ἐλεεινός
767 3069 892 3147 intulit,
921 3068 1006 3153 quod
1029 3072 1124 3152 poeta
1147 3068 1189 3148 ab
1209 3066 1357 3146 Homero,

246 3176 302 3260 qui
323 3177 391 3242 sola
414 3176 517 3242 forma
530 3175 660 3250 ,ἐλεεινός
678 3177 790 3261 utitur,
814 3176 951 3260 petitum
964 3175 1074 3241 eodem
1087 3181 1188 3240 metro
1203 3174 1357 3240 adhibuit.
1411 3197 1414 3202 ·

311 3284 350 3348 In
374 3287 510 3368 quarta
533 3284 669 3349 trimetri
691 3284 762 3349 sede
789 3283 910 3348 codices
938 3282 985 3347 bis
1016 3283 1232 3367 anapaesticos
1265 3280 1359 3365 pedes

245 3391 402 3470 exhibent,
426 3392 564 3476 primum
586 3392 619 3456 in
639 3414 667 3458 ν.
683 3392 758 3456 354.
783 3388 909 3478 Τυφῶνα
931 3391 1051 3474 θοῦρον,
1074 3401 1158 3455 πᾶσιν
1181 3391 1215 3462 ὃς
1238 3387 1359 3474 ἀντέστη

246 3500 337 3572 θεοῖς.
387 3498 450 3572 Pro
481 3510 566 3564 πᾶσιν
598 3499 631 3570 ὃς
662 3496 783 3584 ἀντέστη
816 3497 980 3581 anapaesti
1012 3496 1136 3564 delendi
1167 3497 1272 3581 gratia
1304 3495 1358 3560 alii

247 3605 309 3670 alia
332 3609 575 3690 proposuerunt,
598 3627 676 3689 quas
699 3605 895 3670 coniecturas
917 3625 1027 3668 omnes
1048 3603 1191 3669 codicum
1208 3602 1360 3666 memoria

246 3713 476 3778 sententiarum
498 3712 721 3797 perspicuitate
748 3714 781 3776 et
808 3712 965 3797 elegantia
994 3710 1086 3775 facile
1108 3712 1246 3794 superat.
1293 3707 1359 3772 lta-

247 3840 308 3902 que
330 3818 370 3883 ab
393 3819 580 3884 emendandi
603 3823 719 3884 conatu
743 3817 899 3882 abstinere
922 3819 1073 3900 praestat,
1097 3817 1135 3880 ut
1153 3814 1229 3878 fecit
1246 3813 1378 3900 Kirch·¹

246 3925 373 4003 hostius,
406 3927 461 4009 qui
491 3947 532 3990 ne
564 3947 627 3990 una
654 3923 781 4008 quidem
810 3945 848 3988 cx
876 3924 1128 3989 coniecturarum
1155 3919 1360 3985 multitudine

246 4031 281 4095 in
304 4032 560 4102 adnotationibus
582 4032 681 4096 allata
703 4030 867 4116 vulgatam
885 4030 1029 4096 servavit.
1067 4028 1159 4093 Alter
1172 4030 1359 4112 anapaestus

247 4138 399 4211 admissus
421 4142 467 4204 est
494 4162 523 4206 v.
539 4140 613 4205 840.
637 4148 740 4225 σαφῶς
763 4136 903 4214 eaesae,
926 4134 1026 4209 Ἰόνιος
1052 4137 1238 4221 κεκλήσεται,
1266 4156 1360 4218 quem

158 4329 161 4336 Ι
248 4268 303 4310 cur
325 4246 384 4310 viri
408 4247 491 4312 docti
514 4245 698 4332 corrigendo
722 4243 853 4327 sepelire
875 4243 1044 4322 noluerint,
1069 4263 1262 4328 rnagnopere
1284 4262 1359 4305 sane

249 4355 355 4432 miror,
378 4353 462 4420 solus
485 4356 569 4419 enim
591 4351 806 4428 Weckleinius
829 4350 925 4416 aliam
947 4350 1030 4416 vocis
1053 4347 1153 4423 Ἰόνιος
1180 4347 1358 4433 prosodiam
