3134 4998
798 165 838 232 20

285 385 394 472 Sept.
421 392 493 452 157
518 385 556 452 ff.
581 387 658 454 dicit
681 388 797 454 chorus

401 504 442 573 ἰὼ
464 505 554 596 φίλοι
577 505 733 592 δαίμονες,

402 609 543 701 λυτήριοί
564 607 591 676 τ’
617 607 815 699 ἀμφιβάντες
838 608 944 691 πόλιν,
968 606 1093 692 δείξαθ’
1113 607 1161 692 ,ιός

401 710 601 802 φιλοπόλεις,
624 712 763 798 μὲλεοθε
784 709 819 779 θ’
845 709 937 798 ἱεροῦν
959 709 1090 802 δημίων,

399 813 566 900 μελόμενοι
588 813 616 881 δ’
641 812 788 906 ἀρήξατε.
1074 855 1075 860 ν

198 932 335 1017 με’λεοθε
361 930 389 1000 δ’
420 931 512 1021 ίεριῦν
544 936 666 1002 habent
693 937 780 1003 Med.
810 937 877 1004 Vit.
907 934 999 1002 Oolb.
1032 941 1048 999 1
1088 936 1188 1002 Mose.
1223 941 1249 1000 1.
1283 935 1414 1020 pa‘teotl‘

198 1032 290 1124 ἱερῶν
314 1039 404 1122 Lips.
427 1035 576 1122 μίλλεσθ
610 1035 701 1126 ἱερῶν
724 1041 765 1108 G.
790 1039 888 1105 Ἧκον.
916 1036 1073 1121 μέλλεσθε
1100 1033 1133 1102 θ’
1168 1033 1259 1122 ἱερῶν
1281 1041 1414 1107 Arund.

199 1131 292 1206 Oolb.
327 1147 357 1206 2.
424 1143 627 1208 Erraverunt
658 1143 796 1223 librarii,
839 1143 895 1226 qui
930 1139 1088 1224 μέλλεσθε
1124 1143 1321 1225 scripserunt
1357 1167 1415 1228 pro

197 1241 348 1325 μέλεσθε,
379 1245 436 1309 sed
464 1239 498 1308 θ’
529 1247 596 1310 sine
619 1245 716 1310 dnbio
738 1245 852 1310 melius
881 1251 930 1309 est
953 1265 1050 1326 quam
1077 1238 1106 1308 δ’
1129 1244 1248 1309 codicis
1269 1247 1416 1312 Medicei.

196 1346 298 1412 Recte
332 1346 462 1430 quidem
494 1369 528 1412 se
559 1349 695 1414 haberet
727 1343 754 1411 δ
786 1348 963 1431 particula,
998 1348 1025 1411 si
1056 1347 1106 1410 his
1138 1349 1244 1414 verbis
1274 1347 1414 1431 μέλεαθε

199 1443 290 1535 ίεριῦν
318 1446 439 1537 δημίων
474 1452 548 1516 novi
576 1451 700 1535 aliquid
729 1449 912 1515 adderetur.
979 1449 1045 1516 Sed
1078 1449 1140 1513 hac
1173 1453 1415 1517 enunciationes

201 1546 327 1632 δείξαθ’
352 1548 396 1628 ιός
418 1551 610 1640 φιλοπόλεις
632 1560 664 1620 et
685 1550 823 1636 μέλισθε
846 1546 937 1639 ἱερῶν
953 1549 1075 1640 δημίων
1094 1552 1181 1616 idem
1196 1555 1304 1619 valent
1319 1562 1419 1640 atque

199 1655 378 1720 arctissime
406 1656 491 1721 inter
519 1678 553 1722 se
582 1657 768 1740 iunguntur.
815 1656 974 1722 Precatur
1003 1656 1086 1719 enim
1115 1657 1231 1731 chorus
1259 1656 1351 1742 deos,
1382 1666 1417 1724 ut

199 1781 271 1824 cnm
303 1781 415 1826 curam
447 1769 546 1844 agant
575 1781 739 1826 sacrorum
767 1759 985 1843 publicorum,
1016 1765 1183 1841 praestent
1214 1781 1307 1826 suum
1338 1785 1417 1846 erga

199 1864 362 1928 civitatem
393 1885 544 1929 amorem.
590 1863 809 1948 Quamobrem
838 1883 901 1926 non
934 1867 1043 1945 potest
1072 1862 1231 1947 dubitari,
1265 1865 1343 1947 quin
1375 1867 1416 1930 ab
1462 1891 1464 1896 ·

199 1966 363 2051 Aeschylo
400 1962 434 2031 θ’
474 1969 629 2050 scriptum
667 1968 718 2031 sit.
786 1966 993 2048 Archetypus
1030 1972 1138 2030 autem
1173 1988 1244 2030 oum
1281 1968 1419 2032 haberet

197 2067 335 2153 μίλεαθε
356 2064 457 2155 ἱερῶν,
479 2065 514 2134 θ’
537 2076 610 2152 post
624 2066 762 2152 μέλεσθε
783 2070 916 2147 omisso,
940 2069 1079 2150 hiatum,
1109 2070 1163 2154 qui
1186 2091 1295 2136 omnes
1317 2071 1417 2136 libra-

198 2176 263 2238 rios
297 2173 495 2253 offendebat‚
534 2173 590 2237 alii
623 2172 686 2237 alio
719 2171 815 2236 modo
848 2171 961 2236 tollere
994 2172 1197 2237 studuerunt.
1250 2174 1419 2240 Flliserunt

199 2277 345 2342 ultimam
372 2276 461 2340 verbi
482 2273 619 2358 μέλεα-θα
641 2276 797 2355 vocalem,
826 2275 973 2358 neglecta
996 2275 1228 2359 aequabilitate
1251 2279 1418 2361 strophioa

198 2381 289 2462 Lips.
316 2379 358 2445 G.
382 2379 480 2444 Taur.
525 2378 740 2461 interpolavit
766 2378 852 2443 Med.
883 2399 954 2456 cnm
976 2378 1048 2442 aliis
1076 2378 1238 2444 nonnullis
1261 2375 1289 2443 δ’
1314 2383 1416 2464 parti-

199 2484 313 2564 culam,
336 2487 423 2547 reete
445 2502 521 2546 vero
540 2475 575 2544 θ’
599 2481 796 2546 addiderunt
817 2482 945 2548 Arund.
970 2481 1062 2547 Oolb.
1085 2488 1114 2546 2.

223 2587 226 2592 ¹
284 2604 389 2686 Sept.
421 2607 497 2665 607
527 2601 548 2665 f.
583 2601 701 2685 legitur
734 2603 766 2666 in
801 2601 842 2668 G.
878 2603 945 2670 Vit.
984 2602 1061 2668 Par.
1096 2603 1135 2668 Ε.
1168 2603 1211 2668 Η.
1254 2601 1345 2668 Oolb.
1388 2608 1415 2667 1.

202 2706 301 2774 Vind.
328 2711 353 2770 1.
380 2711 408 2768 3.
431 2708 465 2768 4:
1066 2771 1070 2777 ,

553 2800 709 2886 κλόοντες,
732 2801 815 2886 θεοί,
838 2802 982 2882 δικαίους
1004 2803 1095 2882 λιτὰς

558 2904 709 2996 ἡμετέρας
730 2903 859 2972 τελεῖθ’.

206 3026 334 3104 δικαίας
357 3027 509 3092 exhibent
530 3028 615 3093 Med.
638 3028 735 3096 Vind.
759 3034 777 3093 2
800 3034 833 3093 et
854 3028 991 3092 fortasse
1013 3026 1070 3090 alii
1092 3027 1226 3092 oodioes.

290 3145 434 3224 δικαιόυς
461 3146 571 3232 λόγους
599 3143 772 3235 ἡμετέρους·
797 3148 888 3231 Lipa
919 3146 1073 3212 Cantaba
1105 3152 1123 3212 2
1157 3154 1189 3210 et
1217 3147 1416 3230 adscriptum

204 3255 235 3318 in
264 3253 363 3321 Vind.
397 3257 425 3316 2.
455 3256 483 3314 3.
514 3253 546 3314 in
576 3251 684 3318 codice
711 3250 797 3318 Med.
825 3249 867 3314 ad
895 3245 1024 3323 δικαίας
1049 3248 1140 3323 λιτδις
1167 3245 1319 3337 ἡμετέρας
1353 3270 1414 3312 reo.

204 3377 316 3420 manus
340 3374 438 3437 supra
461 3351 633 3435 adscripsit
657 3393 690 3400 -
718 3375 771 3428 ους
791 3350 902 3437 λόγους
931 3391 960 3398 -—
989 3373 1050 3426 ους.
1292 3357 1295 3364 ’

292 3474 493 3542 Femininam
510 3473 659 3538 adiectivi
674 3469 798 3547 δίκαιος
818 3473 955 3542 formam
971 3492 990 3534 a
1006 3472 1149 3554 mascula
1168 3492 1232 3536 non
1255 3469 1412 3538 diversam

200 3577 287 3664 apud
310 3576 499 3660 Euripidem
523 3595 649 3658 quoque
672 3576 847 3640 invenimus
866 3574 998 3640 Heraol.
1021 3578 1100 3638 902:
1145 3569 1225 3654 ἔχεις
1246 3567 1322 3640 ὁδόν
1342 3567 1410 3652 τιν’,

200 3671 225 3745 al
254 3677 360 3758 πόλις,
389 3673 523 3742 δίκαιον.
568 3677 641 3759 Iph.
665 3676 703 3742 T.
729 3682 809 3744 1202
834 3673 958 3750 δίκαιος
980 3671 1129 3763 ηὑσέβεια
1152 3673 1207 3739 καί
1231 3671 1408 3763 προμηθία.

199 3783 423 3849 Certissimum
449 3781 550 3861 igitur
578 3785 643 3861 est,
672 3799 780 3844 veram
807 3780 907 3862 ipsius
935 3778 1091 3862 Aeschyli
1119 3780 1313 3862 scripturam
1341 3798 1408 3843 esse

198 3882 350 3964 δικαίους,
375 3903 472 3966 quam
495 3903 566 3946 oum
589 3881 735 3964 plerique
750 3881 937 3964 reciperent,
959 3881 1085 3948 librarii
1100 3881 1185 3946 Med.
1210 3886 1242 3946 et
1265 3881 1361 3948 Vind.
1378 3885 1406 3959 2,

196 3990 351 4054 rariorem
378 3985 515 4050 formam
545 3984 730 4067 ignorantes
757 3980 885 4058 δικαίας
918 3984 1202 4067 interpolaverunt.
1261 3985 1407 4066 Itemque

196 4092 238 4156 ab
259 4088 493 4172 interpolatore
508 4087 653 4170 profecta
668 4091 717 4150 ost
730 4088 821 4152 varia
835 4087 933 4152 lectio
948 4084 1092 4160 δικαίους
1105 4083 1403 4176 λόγουςὴμετέρους,

195 4216 278 4278 quae
301 4196 408 4258 exstat
428 4189 462 4252 in
484 4188 644 4254 nonnullis
667 4188 839 4254 codicibus.

280 4291 471 4379 Comparari
493 4277 601 4374 potest
617 4291 766 4358 onmhoo
779 4293 850 4358 loco
872 4292 1000 4357 Prom.
1026 4296 1071 4356 35
1083 4295 1117 4372 6,
1134 4290 1199 4372 ubi,
1224 4313 1296 4356 oum
1311 4291 1403 4378 pleri-

193 4421 255 4482 que
284 4396 409 4460 oodiees
438 4392 610 4456 exhibeant
631 4391 740 4478 λευρὸν
761 4392 821 4479 γὰρ
844 4385 943 4476 οἶμον,
970 4395 1003 4462 iu
1026 4395 1095 4459 solo
1120 4393 1187 4462 Vit.
1211 4401 1260 4460 est
1282 4390 1400 4478 λευρὰν,
