3134 4998
823 240 868 304 40

290 438 372 522 phac
394 436 622 521 simplicissima
646 438 701 514 est,
725 441 848 504 constat
871 437 955 500 enim
978 458 1015 500 ex
1039 433 1160 500 duobus
1182 435 1245 499 illis
1268 434 1403 498 elemen-

290 546 344 622 tis,
381 567 462 628 quse
498 544 707 609 fundamenta
747 544 951 628 stropharum
992 542 1263 628 episyntheturum
1299 545 1404 624 τρόπου

290 649 488 737 ἡουχοιοπυιοῦ
520 651 665 716 habenda
696 654 779 728 sunt,
813 673 850 714 ex
882 650 1023 715 trochaei
1055 651 1138 714 enim
1166 671 1237 714 eum
1264 647 1403 732 spondeo

291 759 520 824 consociatione
548 761 580 823 et
608 779 644 822 ex
671 757 810 841 tripodis
843 758 1007 841 dactylica,
1040 779 1175 840 quarum
1206 755 1295 820 illam
1327 755 1405 818 πόδα

182 939 185 946 Α
290 868 426 932 συνθετον
453 862 622 952 ὀντάσμμον
648 864 873 930 intellexerunt
896 863 1106 929 Rossbachius
1133 866 1165 928 et
1187 862 1406 948 Westphalius

762 971 930 1036 44

731 1078 820 1110 αα

722 1167 758 1234 ⁸⁸
792 1167 828 1234 ‘s
878 1169 899 1232 2
944 1168 965 1232 2

290 1277 472 1376 Ιυουυιπόδα
494 1279 631 1341 ουνθετον
653 1163 906 1362 ἑνιαίδειιάχοημον
929 1274 1114 1338 δακτυλικόνε

386 1377 389 1386 ’
477 1385 649 1448 acatalecta
672 1383 776 1448 forma
806 1423 825 1430 -
861 1427 876 1440 ν
896 1427 912 1440 e
948 1422 966 1430 -
1003 1427 1018 1440 e
1038 1426 1053 1439 e
1103 1411 1134 1444 u
1175 1415 1206 1444 u

572 1491 754 1555 catalectico
861 1534 876 1548 e
897 1535 912 1548 e
948 1529 966 1538 -
1002 1534 1018 1546 ι
1038 1534 1053 1547 ι
1104 1523 1134 1553 u
1173 1487 1205 1594 J<

356 1615 500 1698 Utraque
522 1615 655 1698 stropha
684 1617 828 1679 accurate
860 1613 1063 1679 exaedificata
1095 1616 1151 1692 est,
1186 1636 1286 1696 neque
1319 1615 1405 1678 enim

289 1722 391 1786 solum
412 1723 587 1788 contractio
610 1723 831 1808 contiguarum
854 1722 1005 1800 brevium,
1031 1743 1127 1805 quam
1144 1719 1309 1804 Euripides
1329 1742 1404 1786 con·

289 1831 387 1908 cessit,
421 1831 530 1908 vitata,
564 1852 674 1894 verum
705 1831 799 1895 etiam
833 1831 992 1894 suasurusm
1024 1828 1119 1894 semel
1151 1828 1254 1911 posita
1291 1832 1338 1893 est
1370 1829 1404 1892 iu

290 1961 317 2001 v.
336 1939 409 2004 891.
432 1941 484 2002 ucri
498 1943 570 2024 μήτε
582 1948 638 2000 τῶν
651 1938 768 2021 πλοθτιμ
783 1937 1042 2022 διαθρυπτομένων,
1066 1939 1103 2000 ut
1116 1933 1195 2022 ἦθος
1209 1931 1405 2022 ἡουχοιστικόν

289 2044 338 2108 vel
361 2045 496 2109 maxime
519 2066 636 2128 purum
658 2049 737 2108 esset
759 2043 928 2108 secundum
952 2042 1084 2108 Aristid.
1108 2064 1139 2127 p.
1156 2043 1208 2109 97.
1231 2041 1325 2110 Meib.
1349 2053 1405 2106 τῶν

289 2152 321 2214 δὲ
343 2148 462 2238 ῥυθμῶν
485 2148 673 2237 ἡουχαίτατοι
695 2155 746 2236 μὲν
769 2147 796 2213 οἱ
819 2148 877 2214 ἀπὸ
900 2151 1011 2214 θέσεων
1032 2151 1333 2234 προκαταοτὲὶολοντες
1351 2153 1405 2234 τὴν

289 2259 424 2334 διάνοιαν,
455 2256 536 2322 οἶδὲ
559 2256 617 2322 ἀπὸ
640 2257 750 2342 ἄροτον
772 2269 809 2343 τῇ
833 2268 915 2344 φωνῇ
944 2261 996 2342 τὴν
1018 2265 1134 2341 κροῦσιν
1157 2254 1336 2343 ἐπιφέροντες
1359 2279 1406 2319 τε·

288 2371 468 2452 ταραγμένου
519 2364 559 2430 In
590 2365 817 2431 elementorum
849 2366 936 2429 exitu
967 2365 1052 2428 intra
1084 2385 1208 2428 versum
1240 2363 1325 2429 facto
1357 2364 1404 2428 bis

288 2474 402 2559 longae
439 2473 666 2557 antistrophice
702 2471 872 2556 respondet
911 2472 1012 2536 brevis
1043 2470 1174 2554 syllaba,
1211 2472 1245 2535 in
1276 2493 1305 2538 v.
1330 2472 1403 2536 531.

288 2582 437 2667 βουφόνοις
461 2582 528 2665 παρ’
555 2617 593 2628 -
619 2579 692 2646 541.
716 2583 825 2664 μυρίοις
848 2580 988 2665 μόχθοις,
1013 2577 1087 2644 535.
1112 2577 1192 2642 ἄλλα
1210 2601 1260 2663 μοι
1276 2578 1335 2642 τόδ’
1361 2615 1402 2624 -

288 2687 362 2754 544.
386 2683 497 2771 cludro
521 2693 631 2774 γνώμᾳ.
658 2685 884 2771 ¹Singulorum
914 2686 1123 2750 membrorum
1157 2686 1190 2750 in
1219 2707 1323 2750 versus
1350 2707 1402 2751 co-

287 2794 483 2878 pulationem
507 2794 707 2878 respicientes
725 2793 911 2857 offendimus
925 2792 1069 2876 periodos
1093 2794 1291 2879 μονοκώλους,
1315 2793 1403 2857 δοιώ-

286 2901 365 2974 λους,
392 2902 558 2984 τροιὼλους.
605 2900 681 2965 Tres
702 2904 778 2964 sunt
800 2901 974 2985 μονόκωλυι,
1006 2902 1040 2964 in
1066 2922 1116 2964 vv.
1141 2899 1214 2966 526.
1248 2897 1401 2986 μηδάμίὅ

209 3089 211 3095 Ι
287 3011 381 3072 πάντα
402 3013 503 3095 νέμων,
531 3006 605 3075 534.
628 3007 698 3094 μηδ’
723 3006 846 3094 ἀλίτοιμι
868 3008 977 3088 λόγοις,
1010 3008 1084 3074 887.
1108 3005 1129 3093 ἡ
1151 3010 1244 3094 σορὸς
1266 3005 1286 3094 ἠ
1309 3011 1402 3094 σορὸς

288 3111 330 3186 ὅς.
378 3113 523 3198 Quinque
547 3114 808 3199 deprehendimus
832 3115 982 3190 δικώλους,
1011 3137 1147 3198 quarum
1168 3116 1232 3178 tres
1255 3119 1402 3179 coustant

288 3243 326 3286 ex
357 3220 491 3305 dipodiis
522 3222 669 3307 singulis,
705 3244 783 3305 quus
814 3227 989 3304 sequuntur
1020 3222 1163 3307 singulus
1194 3221 1400 3306 tetrapodise‚

286 3350 335 3392 vv.
360 3327 445 3406 bru,
470 3329 544 3394 891.
576 3327 755 3414 (iambelegi
779 3328 904 3412 forma),
938 3330 1023 3408 892„
1057 3351 1121 3392 una
1147 3351 1187 3394 ex
1210 3329 1311 3394 tribus
1334 3330 1401 3413 epi·

286 3435 380 3513 tritis,
414 3456 443 3498 v.
469 3436 554 3514 893„
588 3458 652 3499 una
676 3457 713 3500 ex
735 3435 914 3520 tetrapodia
941 3457 1012 3500 cum
1035 3435 1249 3520 ithyphallico
1273 3458 1301 3501 v.
1325 3435 1399 3502 535.

286 3542 334 3606 De
355 3540 456 3606 tribus
480 3542 614 3626 epitritis
637 3542 836 3626 quadruplex
858 3543 992 3628 cogitari
1015 3548 1119 3627 potest
1133 3543 1301 3622 distinctio,
1326 3566 1401 3609 nam

237 3731 239 3736 Ι
286 3652 342 3714 aut
365 3647 427 3712 duo
451 3649 570 3732 priores
593 3653 649 3713 aut
671 3650 859 3733 posteriores
882 3673 982 3716 unum
997 3651 1173 3716 membrum
1187 3651 1400 3744 complectun-

285 3760 339 3820 tur
362 3759 418 3821 aut
440 3756 587 3840 periodus
611 3758 657 3821 est
679 3758 819 3841 τρίπυλος
847 3763 912 3836 aut,
945 3759 1031 3842 quod
1063 3759 1141 3823 mihi
1172 3760 1238 3822 veri
1268 3758 1401 3822 similius

155 3856 157 3862 ¹
286 3863 422 3941 videtur,
468 3863 612 3927 trimeter
647 3861 945 3953 ὀκτωκαιδεκάοημος
982 3863 1179 3948 accipiendus
1216 3870 1276 3943 est,
1320 3887 1400 3948 quus

287 3966 415 4056 ῥυθμικὴ
448 3971 598 4056 μεταβολή
631 3971 664 4035 in
697 3971 760 4035 fine
791 3973 942 4056 strophae
973 3974 1053 4038 nihil
1086 3973 1181 4038 hebet
1209 3973 1399 4038 offensionis.

284 4076 500 4162 Ithyphallico
531 4076 611 4154 solo,
645 4081 682 4142 ut
712 4079 796 4144 hunc
828 4101 893 4143 rem
925 4081 988 4144 iarn
1021 4100 1106 4142 nunc
1137 4080 1306 4166 stringam,
1340 4080 1400 4144 hae

284 4185 434 4268 strophae
457 4183 586 4249 Pindari
610 4187 710 4251 modis
730 4187 836 4253 Doriis
860 4188 1023 4252 dissimiles
1045 4191 1129 4265 sunt,
1154 4194 1254 4254 cetera
1276 4188 1399 4254 similia.

284 4292 409 4356 Periodi
437 4294 571 4376 τρίκωλοι
598 4297 723 4359 exstant
749 4297 813 4360 tres
836 4316 883 4362 vv.
908 4295 994 4373 530„
1019 4295 1103 4373 889„
1133 4317 1265 4379 quarum
1299 4297 1399 4361 ultera
