3134 4998
633 231 834 332 L

210 435 345 504 Codices
367 437 561 503 recentiores
587 459 626 504 ex
647 439 731 504 libro
754 437 899 504 Mediceo
921 435 1097 504 vetustiore
1118 457 1188 504 esse
1210 431 1336 518 ductoS,
1444 488 1446 494 .

119 541 253 624 egregio
281 539 490 606 confirmatur
518 543 678 626 exemplo,
708 540 795 625 quod
824 547 873 606 est
894 542 1018 607 Prom.
1043 547 1060 605 7
1071 545 1118 606 58
1139 539 1190 622 a,
1223 541 1279 616 ubi
1305 541 1337 605 in

122 643 275 708 omnibns
297 643 492 737 editionibus
514 643 635 727 legitur

280 750 307 810 1.
342 749 391 811 ΙΩ
412 736 431 834 ἥ
452 744 511 833 γάρ
533 741 608 811 ποτ’
632 741 719 812 ἔστιν
742 741 891 810 ἐκπεσεῖν
912 738 1007 836 άρχῆς
1030 740 1114 826 Δίας

278 853 307 913 2.
340 853 405 914 ΠΡ
422 844 502 936 ἥδοι’
527 843 575 931 ib,
599 841 698 932 οἶμαι,
721 843 810 937 τήνδ’
835 843 959 929 ἰδοῦσα,
981 844 1158 936 συμφοράν.

279 957 307 1017 3.
343 954 392 1016 ΙΩ
413 955 486 1027 πῶς
506 947 538 1016 δ’
562 946 620 1017 οὖν
641 946 690 1034 dv,
712 949 782 1039 ἥτις
803 948 839 1015 s'a
862 949 943 1026 Διὸς
966 946 1083 1032 πάσχω
1105 953 1228 1032 sorde,-

212 1048 316 1140 ἥδοιμ’
341 1049 380 1119 dv
401 1055 523 1134 habent
543 1056 629 1122 Med.
660 1054 701 1122 G.
724 1055 814 1140 Lips.
838 1055 915 1119 Par.
939 1054 980 1119 A.
1004 1055 1044 1119 B.
1067 1052 1149 1123 Ven.
1174 1058 1202 1120 3.
1246 1055 1338 1120 Bess.

124 1149 262 1242 ἥδοίμαν
293 1157 448 1224 Oantabr.
482 1163 509 1223 1.
542 1164 570 1224 2.
615 1153 748 1247 ἥδοίμην
778 1153 817 1222 dv
845 1159 922 1223 Par.
952 1158 995 1222 D.
1028 1156 1181 1224 Continui
1210 1157 1244 1222 hi
1272 1163 1339 1224 tres

123 1281 235 1325 versus
258 1261 332 1326 Ioni
362 1261 553 1327 tribuuntur
573 1263 606 1327 in
633 1261 719 1328 Med.
747 1261 789 1328 G.
820 1261 885 1327 Sed
908 1260 1091 1326 emendavit
1116 1260 1203 1325 hunc
1231 1260 1339 1325 locum

126 1362 313 1446 Dawesins,
342 1366 398 1447 qui
425 1387 453 1430 v.
483 1369 502 1430 2
532 1361 727 1431 Prometheo
754 1366 927 1430 restituens
950 1363 1078 1448 scripsit
1098 1357 1178 1451 ἥδοι’
1202 1357 1250 1428 άν.
1294 1361 1340 1428 Et

125 1472 215 1532 reete
246 1489 274 1531 v.
303 1473 322 1533 2
349 1468 544 1533 Prometheo
571 1475 620 1534 est
648 1469 744 1534 datus
772 1468 806 1532 in
834 1467 918 1547 Via,
948 1467 1004 1549 qui
1032 1464 1121 1554 ἥδοιο
1149 1459 1188 1531 άν
1210 1466 1340 1532 exhibet

126 1590 200 1633 cum
222 1570 329 1652 glossa
355 1564 574 1658 εὐφρανθείης.
619 1571 770 1655 Denique
795 1573 829 1636 in
851 1570 941 1653 Lips.
969 1590 1111 1653 quoque,
1144 1589 1339 1652 quamquam

127 1672 229 1737 habet
250 1667 354 1762 ἥδοιμ>
378 1667 417 1737 άν
439 1695 512 1739 cum
534 1675 658 1754 ceteris,
681 1681 789 1739 tamen
810 1679 898 1738 recte
918 1693 1127 1756 personarum
1148 1678 1245 1737 notae
1265 1678 1340 1738 sunt

128 1780 289 1840 exaratae.
339 1776 380 1840 In
408 1776 540 1859 reliquis
570 1782 678 1842 autem
708 1776 872 1842 codicibus
902 1781 1033 1859 praeter
1058 1774 1144 1850 Med.
1177 1774 1219 1841 G.
1248 1775 1338 1859 Lips.

127 1877 211 1960 Vit,
243 1877 403 1962 quomodo
432 1878 625 1944 distributae
654 1881 719 1944 sint
743 1897 917 1962 personae,
945 1877 1102 1942 adnotare
1129 1877 1237 1942 omisit
1257 1877 1341 1942 Her-

126 2003 273 2046 mannus.
319 1981 385 2047 Sed
413 1982 462 2047 vel
492 1983 546 2065 iis,
579 2005 659 2067 quos
686 1981 810 2064 attulit,
841 1981 1083 2064 comprobatur,
1108 1979 1212 2061 illam,
1242 2001 1340 2064 quam

128 2084 196 2151 Vit.
225 2085 316 2169 Lips.
347 2085 505 2168 praebent
534 2085 774 2169 discriptionem
803 2105 1029 2168 personarum,
1060 2103 1123 2147 non
1156 2086 1340 2149 coniectura

129 2209 199 2252 esse
222 2187 351 2269 factam,
374 2187 431 2253 sed
454 2210 493 2253 cx
513 2188 646 2271 antiquo
667 2188 751 2253 libro
773 2193 944 2272 sumptam.
978 2185 1065 2250 Nam
1084 2186 1209 2251 etiamsi
1223 2187 1257 2250 in
1271 2186 1339 2254 Vir.

127 2312 236 2355 veram
264 2290 434 2357 lectionem
462 2313 481 2356 a
510 2292 631 2356 recenti
658 2295 839 2355 correctore
866 2290 1029 2372 ingeniose
1060 2310 1128 2354 esse
1158 2290 1340 2356 restitutam

131 2393 216 2460 dicat
231 2395 400 2477 quispiam,
416 2394 596 2477 Lipsiensis
612 2397 720 2458 tamen
736 2392 922 2458 testimonio
936 2391 970 2455 in
986 2411 1050 2473 quo
1065 2391 1160 2455 lectio
1177 2398 1338 2476 corrupta,

130 2518 284 2579 personae
306 2518 381 2563 vero
404 2503 491 2562 recte
514 2497 683 2561 distinctae
705 2501 781 2580 sunt
803 2494 961 2577 arguitur,
985 2515 1049 2558 non
1072 2494 1196 2559 librarii
1210 2495 1339 2578 ingenio

129 2599 185 2664 sed
216 2601 382 2685 archetypi
421 2599 613 2665 auctoritate
649 2597 710 2663 hoc
738 2597 858 2662 factum
896 2617 981 2676 esse3
1014 2617 1119 2679 neque
1156 2597 1240 2661 enim
1275 2597 1342 2662 ullo

126 2701 221 2767 modo
251 2709 301 2768 est
328 2702 511 2788 probabile,
550 2702 719 2767 librarium
746 2701 836 2784 Lips.
869 2721 942 2766 eum
968 2700 1126 2782 reciperet
1154 2693 1257 2786 ἥδοιμ’
1290 2693 1338 2780 dr,

126 2811 237 2871 tamen
266 2813 485 2872 correcturum
512 2804 610 2870 fuisse
638 2823 848 2887 personarum
878 2802 1145 2868 distributionem.
1189 2800 1254 2867 Sed
1279 2801 1340 2865 fuit

126 2911 160 2973 in
197 2910 372 2994 archetypo
409 2903 512 2997 ἥδοηί
549 2902 588 2972 άν
621 2907 736 2972 calami
768 2907 863 2990 lapsu
893 2907 1051 2989 seriptum
1083 2901 1142 2988 pro
1176 2898 1255 2991 ἥδοι’
1290 2898 1338 2984 dv,

128 3012 309 3098 (aberravit
330 3013 468 3078 fortasse
491 3011 641 3076 librarias
663 3010 705 3074 ad
728 3001 827 3090 οἶμαι,
851 3007 938 3090 quod
960 3013 1009 3072 est
1029 3008 1063 3071 in
1086 3006 1198 3071 eodem
1220 3006 1340 3092 versu),

127 3136 283 3198 personae
317 3121 425 3181 autem
455 3121 542 3179 recte
575 3113 609 3177 in
643 3112 774 3195 singulis
807 3110 951 3174 versibus
984 3115 1127 3174 notatae.
1169 3108 1340 3174 Librarius

130 3219 212 3285 Med.
243 3241 314 3285 cum
345 3240 409 3282 non
440 3217 617 3282 offenderet
645 3216 679 3279 in
712 3215 819 3280 activa
849 3213 953 3277 forma
979 3213 1068 3278 verbi
1098 3206 1213 3300 ἥδοηά,
1244 3231 1340 3293 quam

129 3343 186 3405 per
217 3317 409 3409 εὐφράνθην,
442 3315 654 3407 εὐφρανθείην
679 3338 760 3382 rece.
795 3336 922 3399 quoque
949 3315 1142 3380 scholiastae
1169 3315 1340 3398 explicant,

129 3425 184 3489 sed
211 3425 418 3510 participium
449 3418 562 3487 ἰδοῦσα
593 3443 658 3486 non
690 3420 804 3485 referri
834 3439 928 3502 posse
959 3418 1002 3483 ad
1032 3418 1261 3483 Prometheum
1294 3417 1341 3480 in-

129 3527 289 3610 telligens,
326 3527 400 3592 Ioni
437 3526 522 3590 hunc
558 3546 684 3590 versum
722 3523 908 3605 assignavit.
971 3521 1139 3603 Integram
1175 3519 1340 3603 archetypi

113 3631 306 3695 ·lecti0nem
335 3628 473 3694 tradidit
499 3628 650 3693 librarius
678 3627 740 3703 A.;
771 3647 868 3710 quam
891 3647 962 3689 oum
985 3623 1027 3690 G.
1051 3622 1164 3687 eodem
1186 3621 1281 3686 modo
1303 3643 1341 3686 ae

129 3733 214 3799 Med.
245 3733 471 3816 interpolaret,
504 3730 595 3814 Lips.
631 3749 694 3793 non
723 3730 869 3794 mutavit.
922 3727 990 3796 Vit.
1019 3725 1158 3809 denique
1186 3726 1233 3789 ita
1265 3746 1341 3789 usus

130 3843 178 3902 est
200 3837 316 3901 codicis
340 3837 382 3900 A.
405 3835 553 3916 lectione,
575 3838 612 3898 ut
634 3851 673 3897 ex
695 3853 733 3896 ca
755 3831 845 3919 ἥδοιο
866 3831 1061 3895 restitueret.

215 3939 339 4004 Prom.
363 3944 434 4003 911
460 3939 481 4002 f.
505 3937 605 4003 habet
626 3934 726 4000 Med:

372 4031 391 4129 ἥ
412 4039 474 4130 μὴν
495 4036 543 4105 ἔτι
565 4037 654 4119 Ζεύς,
676 4034 796 4122 καίπερ
817 4031 963 4122 αὐθάδης
984 4036 1115 4121 φρονῶν,

266 4181 270 4190 ·
373 4163 653 4217 concrematuros·

132 4241 277 4334 αὐθάδης
310 4249 433 4334 φρενῶν
460 4267 531 4310 oum
558 4245 645 4309 Med.
673 4242 826 4307 exhibent
854 4241 922 4310 Vit.
951 4240 1027 4304 Par.
1057 4238 1096 4306 B.
1127 4237 1226 4302 Mose.
1260 4241 1275 4299 l
1307 4242 1340 4300 et

132 4358 207 4416 ante
234 4351 463 4415 correctionem
493 4350 534 4414 (i.
562 4342 693 4432 αὐθάδη
719 4349 845 4432 φρονῶν
866 4344 957 4427 Lips
980 4343 1057 4407 Par.
1082 4341 1118 4406 O.
1142 4341 1182 4404 Ε.
1205 4341 1243 4403 F.
1268 4345 1340 4404 ete

133 4454 327 4518 correctione
344 4452 384 4518 G.
409 4475 453 4538 γρ.
477 4445 606 4536 asason
628 4452 753 4536 φρονῶν
767 4449 834 4512 Par
850 4449 889 4512 B.
906 4447 1043 4526 denique
1067 4438 1194 4530 αὐθάδη
1218 4439 1341 4528 φρένων

132 4557 347 4640 superscripto
370 4558 495 4642 φρονῶν
518 4553 673 4619 Cantabr.
696 4559 725 4615 2.

1170 4665 1186 4713 2
