<?xml version="1.0" encoding="UTF-8"?>
<!DOCTYPE html PUBLIC "-//W3C//DTD XHTML 1.0 Transitional//EN"
    "http://www.w3.org/TR/xhtml1/DTD/xhtml1-transitional.dtd">
<html xmlns="http://www.w3.org/1999/xhtml" xml:lang="en" lang="en">
 <head>
  <title>
</title>
<meta http-equiv="Content-Type" content="text/html;charset=utf-8" />
  <meta name='ocr-system' content='tesseract 3.04.00' />
  <meta name='ocr-capabilities' content='ocr_page ocr_carea ocr_par ocr_line ocrx_word'/>
</head>
<body>
  <div class='ocr_page' id='page_1' title='image "./decompositionem00heidgoog_0054.png"; bbox 0 0 3134 4998; ppageno 0'>
   <div class='ocr_carea' id='block_1_1' title="bbox 702 350 745 416">
    <p class='ocr_par' dir='ltr' id='par_1_1' title="bbox 702 350 745 416">
     <span class='ocr_line' id='line_1_1' title="bbox 702 350 745 416; baseline 0.047 -2"><span class='ocrx_word' id='word_1_1' title='bbox 702 350 745 416; x_wconf 79' lang='lat'><strong>45</strong></span> 
     </span>
    </p>
   </div>
   <div class='ocr_carea' id='block_1_2' title="bbox 159 544 1328 1700">
    <p class='ocr_par' dir='ltr' id='par_1_2' title="bbox 159 544 1328 1700">
     <span class='ocr_line' id='line_1_2' title="bbox 164 544 1279 631; baseline 0 -20"><span class='ocrx_word' id='word_1_2' title='bbox 164 544 322 611; x_wconf 89' lang='lat' dir='ltr'><strong>actoribus</strong></span> <span class='ocrx_word' id='word_1_3' title='bbox 345 546 479 624; x_wconf 89' lang='lat' dir='ltr'><strong>canitur,</strong></span> <span class='ocrx_word' id='word_1_4' title='bbox 503 569 522 610; x_wconf 89' lang='lat' dir='ltr'><strong>a</strong></span> <span class='ocrx_word' id='word_1_5' title='bbox 545 544 704 611; x_wconf 81' lang='lat' dir='ltr'><strong>Casandra</strong></span> <span class='ocrx_word' id='word_1_6' title='bbox 726 547 759 611; x_wconf 89' lang='lat' dir='ltr'><strong>in</strong></span> <span class='ocrx_word' id='word_1_7' title='bbox 776 544 890 631; x_wconf 86' lang='lat' dir='ltr'><strong>Agam.</strong></span> <span class='ocrx_word' id='word_1_8' title='bbox 909 546 1003 625; x_wconf 77' lang='lat'><strong>1072,</strong></span> <span class='ocrx_word' id='word_1_9' title='bbox 1027 569 1046 611; x_wconf 86' lang='lat' dir='ltr'><strong>a</strong></span> <span class='ocrx_word' id='word_1_10' title='bbox 1068 547 1182 611; x_wconf 86' lang='lat' dir='ltr'><strong>nuntio</strong></span> <span class='ocrx_word' id='word_1_11' title='bbox 1198 545 1279 631; x_wconf 83' lang='lat' dir='ltr'><strong>Sup-</strong></span> 
     </span>
     <span class='ocr_line' id='line_1_3' title="bbox 162 650 1278 737; baseline 0.002 -21"><span class='ocrx_word' id='word_1_12' title='bbox 162 653 285 737; x_wconf 90' lang='lat' dir='ltr'><strong>plicum</strong></span> <span class='ocrx_word' id='word_1_13' title='bbox 319 653 400 731; x_wconf 82' lang='lat'><strong>836,</strong></span> <span class='ocrx_word' id='word_1_14' title='bbox 435 653 474 716; x_wconf 87' lang='lat' dir='ltr'><strong>ab</strong></span> <span class='ocrx_word' id='word_1_15' title='bbox 497 651 624 717; x_wconf 78' lang='lat' dir='ltr'>Electra</span> <span class='ocrx_word' id='word_1_16' title='bbox 656 656 689 718; x_wconf 86' lang='lat' dir='ltr'><strong>et</strong></span> <span class='ocrx_word' id='word_1_17' title='bbox 713 650 822 718; x_wconf 85' lang='lat' dir='ltr'><strong>Oreste</strong></span> <span class='ocrx_word' id='word_1_18' title='bbox 853 652 887 717; x_wconf 92' lang='lat' dir='ltr'><strong>in</strong></span> <span class='ocrx_word' id='word_1_19' title='bbox 911 651 1122 736; x_wconf 81' lang='lat' dir='ltr'><strong>Ohoephoron</strong></span> <span class='ocrx_word' id='word_1_20' title='bbox 1153 654 1278 732; x_wconf 88' lang='lat' dir='ltr'><strong>threno,</strong></span> 
     </span>
     <span class='ocr_line' id='line_1_4' title="bbox 160 760 1279 844; baseline 0.003 -22"><span class='ocrx_word' id='word_1_21' title='bbox 160 781 286 842; x_wconf 82' lang='lat' dir='ltr'><strong>semper</strong></span> <span class='ocrx_word' id='word_1_22' title='bbox 310 764 417 824; x_wconf 86' lang='lat' dir='ltr'><strong>autem</strong></span> <span class='ocrx_word' id='word_1_23' title='bbox 441 762 558 844; x_wconf 73' lang='lat' dir='ltr'><strong>cantus</strong></span> <span class='ocrx_word' id='word_1_24' title='bbox 576 762 720 824; x_wconf 88' lang='lat' dir='ltr'><strong>actorum</strong></span> <span class='ocrx_word' id='word_1_25' title='bbox 743 781 815 825; x_wconf 89' lang='lat' dir='ltr'><strong>cum</strong></span> <span class='ocrx_word' id='word_1_26' title='bbox 839 762 935 824; x_wconf 88' lang='lat' dir='ltr'><strong>cantu</strong></span> <span class='ocrx_word' id='word_1_27' title='bbox 958 763 1015 824; x_wconf 87' lang='lat' dir='ltr'><strong>aut</strong></span> <span class='ocrx_word' id='word_1_28' title='bbox 1037 761 1176 826; x_wconf 86' lang='lat' dir='ltr'><strong>universi</strong></span> <span class='ocrx_word' id='word_1_29' title='bbox 1189 760 1279 826; x_wconf 87' lang='lat' dir='ltr'><strong>chori</strong></span> 
     </span>
     <span class='ocr_line' id='line_1_5' title="bbox 160 866 1279 950; baseline 0.003 -20"><span class='ocrx_word' id='word_1_30' title='bbox 160 869 219 931; x_wconf 89' lang='lat' dir='ltr'><strong>aut</strong></span> <span class='ocrx_word' id='word_1_31' title='bbox 250 867 450 950; x_wconf 87' lang='lat' dir='ltr'><strong>singulorum</strong></span> <span class='ocrx_word' id='word_1_32' title='bbox 482 866 704 931; x_wconf 88' lang='lat' dir='ltr'><strong>choreutarum</strong></span> <span class='ocrx_word' id='word_1_33' title='bbox 737 867 923 931; x_wconf 86' lang='lat' dir='ltr'><strong>coniunctus</strong></span> <span class='ocrx_word' id='word_1_34' title='bbox 956 871 1019 944; x_wconf 86' lang='lat' dir='ltr'><strong>est,</strong></span> <span class='ocrx_word' id='word_1_35' title='bbox 1053 889 1123 931; x_wconf 91' lang='lat' dir='ltr'><strong>cum</strong></span> <span class='ocrx_word' id='word_1_36' title='bbox 1156 871 1279 933; x_wconf 87' lang='lat' dir='ltr'><strong>actores</strong></span> 
     </span>
     <span class='ocr_line' id='line_1_6' title="bbox 161 973 1278 1058; baseline 0.001 -20"><span class='ocrx_word' id='word_1_37' title='bbox 161 973 241 1038; x_wconf 87' lang='lat' dir='ltr'><strong>alias</strong></span> <span class='ocrx_word' id='word_1_38' title='bbox 279 977 336 1038; x_wconf 85' lang='lat' dir='ltr'><strong>aut</strong></span> <span class='ocrx_word' id='word_1_39' title='bbox 367 993 509 1050; x_wconf 86' lang='lat' dir='ltr'><strong>sermone</strong></span> <span class='ocrx_word' id='word_1_40' title='bbox 541 977 597 1037; x_wconf 90' lang='lat' dir='ltr'><strong>aut</strong></span> <span class='ocrx_word' id='word_1_41' title='bbox 628 995 743 1058; x_wconf 85' lang='lat' dir='ltr'>genere</span> <span class='ocrx_word' id='word_1_42' title='bbox 775 973 906 1039; x_wconf 90' lang='lat' dir='ltr'><strong>canendi</strong></span> <span class='ocrx_word' id='word_1_43' title='bbox 938 973 1103 1038; x_wconf 87' lang='lat' dir='ltr'><strong>recitativo</strong></span> <span class='ocrx_word' id='word_1_44' title='bbox 1136 977 1278 1040; x_wconf 86' lang='lat' dir='ltr'><strong>utantur.</strong></span> 
     </span>
     <span class='ocr_line' id='line_1_7' title="bbox 162 1078 1278 1164; baseline 0.002 -20"><span class='ocrx_word' id='word_1_45' title='bbox 162 1079 291 1145; x_wconf 85' lang='lat' dir='ltr'><strong>Praeter</strong></span> <span class='ocrx_word' id='word_1_46' title='bbox 315 1080 373 1144; x_wconf 91' lang='lat' dir='ltr'><strong>has</strong></span> <span class='ocrx_word' id='word_1_47' title='bbox 395 1080 560 1144; x_wconf 89' lang='lat' dir='ltr'><strong>monodias</strong></span> <span class='ocrx_word' id='word_1_48' title='bbox 583 1080 672 1145; x_wconf 89' lang='lat' dir='ltr'><strong>chori</strong></span> <span class='ocrx_word' id='word_1_49' title='bbox 694 1080 826 1164; x_wconf 89' lang='lat' dir='ltr'><strong>stropha</strong></span> <span class='ocrx_word' id='word_1_50' title='bbox 843 1078 1045 1164; x_wconf 87' lang='lat' dir='ltr'><strong>antistropho</strong></span> <span class='ocrx_word' id='word_1_51' title='bbox 1060 1103 1167 1145; x_wconf 88' lang='lat' dir='ltr'><strong>carens</strong></span> <span class='ocrx_word' id='word_1_52' title='bbox 1182 1083 1278 1146; x_wconf 91' lang='lat' dir='ltr'><strong>tertio</strong></span> 
     </span>
     <span class='ocr_line' id='line_1_8' title="bbox 163 1186 1278 1276; baseline 0.001 -25"><span class='ocrx_word' id='word_1_53' title='bbox 163 1186 300 1271; x_wconf 89' lang='lat' dir='ltr'><strong>episodio</strong></span> <span class='ocrx_word' id='word_1_54' title='bbox 333 1186 473 1250; x_wconf 85' lang='lat' dir='ltr'><strong>admixta</strong></span> <span class='ocrx_word' id='word_1_55' title='bbox 505 1189 609 1252; x_wconf 86' lang='lat' dir='ltr'><strong>exstat</strong></span> <span class='ocrx_word' id='word_1_56' title='bbox 639 1208 688 1251; x_wconf 85' lang='lat' dir='ltr'><strong>vv.</strong></span> <span class='ocrx_word' id='word_1_57' title='bbox 713 1187 905 1265; x_wconf 71' lang='lat' dir='ltr'><strong>car—695,</strong></span> <span class='ocrx_word' id='word_1_58' title='bbox 938 1187 1080 1276; x_wconf 87' lang='lat' dir='ltr'><strong>qualium</strong></span> <span class='ocrx_word' id='word_1_59' title='bbox 1101 1188 1278 1253; x_wconf 79' lang='lat' dir='ltr'><strong>carminum</strong></span> 
     </span>
     <span class='ocr_line' id='line_1_9' title="bbox 163 1293 1278 1379; baseline 0.003 -22"><span class='ocrx_word' id='word_1_60' title='bbox 163 1294 247 1378; x_wconf 89' lang='lat' dir='ltr'><strong>apud</strong></span> <span class='ocrx_word' id='word_1_61' title='bbox 272 1294 464 1376; x_wconf 83' lang='lat' dir='ltr'><strong>Aeschylum</strong></span> <span class='ocrx_word' id='word_1_62' title='bbox 496 1294 603 1358; x_wconf 79' lang='lat' dir='ltr'><strong>creber</strong></span> <span class='ocrx_word' id='word_1_63' title='bbox 635 1296 683 1358; x_wconf 87' lang='lat' dir='ltr'><strong>est</strong></span> <span class='ocrx_word' id='word_1_64' title='bbox 715 1315 802 1372; x_wconf 88' lang='lat' dir='ltr'><strong>usus,</strong></span> <span class='ocrx_word' id='word_1_65' title='bbox 835 1297 872 1358; x_wconf 92' lang='lat' dir='ltr'><strong>ut</strong></span> <span class='ocrx_word' id='word_1_66' title='bbox 903 1295 938 1357; x_wconf 91' lang='lat' dir='ltr'><strong>in</strong></span> <span class='ocrx_word' id='word_1_67' title='bbox 960 1293 1062 1358; x_wconf 90' lang='lat' dir='ltr'><strong>Persis</strong></span> <span class='ocrx_word' id='word_1_68' title='bbox 1095 1300 1127 1360; x_wconf 90' lang='lat' dir='ltr'><strong>et</strong></span> <span class='ocrx_word' id='word_1_69' title='bbox 1151 1293 1278 1379; x_wconf 78' lang='lat' dir='ltr'><strong>Septem</strong></span> 
     </span>
     <span class='ocr_line' id='line_1_10' title="bbox 160 1399 1328 1486; baseline 0.001 -20"><span class='ocrx_word' id='word_1_70' title='bbox 160 1405 264 1479; x_wconf 86' lang='lat' dir='ltr'><strong>terna,</strong></span> <span class='ocrx_word' id='word_1_71' title='bbox 287 1401 321 1464; x_wconf 94' lang='lat' dir='ltr'><strong>in</strong></span> <span class='ocrx_word' id='word_1_72' title='bbox 345 1400 546 1485; x_wconf 72' lang='lat' dir='ltr'><strong>supplicibus</strong></span> <span class='ocrx_word' id='word_1_73' title='bbox 569 1404 729 1484; x_wconf 87' lang='lat' dir='ltr'><strong>quattuor,</strong></span> <span class='ocrx_word' id='word_1_74' title='bbox 753 1401 787 1465; x_wconf 89' lang='lat' dir='ltr'><strong>in</strong></span> <span class='ocrx_word' id='word_1_75' title='bbox 802 1401 1051 1486; x_wconf 80' lang='lat' dir='ltr'><strong>Agamemnone,</strong></span> <span class='ocrx_word' id='word_1_76' title='bbox 1073 1399 1278 1486; x_wconf 76' lang='lat' dir='ltr'><strong>Choephoris,</strong></span> <span class='ocrx_word' id='word_1_77' title='bbox 1325 1435 1328 1446; x_wconf 89' lang='lat'>·</span> 
     </span>
     <span class='ocr_line' id='line_1_11' title="bbox 160 1507 1278 1594; baseline 0.002 -22"><span class='ocrx_word' id='word_1_78' title='bbox 160 1507 390 1574; x_wconf 89' lang='lat' dir='ltr'><strong>Eumenidibus</strong></span> <span class='ocrx_word' id='word_1_79' title='bbox 422 1509 510 1586; x_wconf 90' lang='lat' dir='ltr'><strong>bina,</strong></span> <span class='ocrx_word' id='word_1_80' title='bbox 544 1530 626 1591; x_wconf 89' lang='lat' dir='ltr'><strong>quae</strong></span> <span class='ocrx_word' id='word_1_81' title='bbox 658 1509 764 1572; x_wconf 89' lang='lat' dir='ltr'><strong>omnia</strong></span> <span class='ocrx_word' id='word_1_82' title='bbox 796 1512 871 1573; x_wconf 88' lang='lat' dir='ltr'><strong>sunt</strong></span> <span class='ocrx_word' id='word_1_83' title='bbox 894 1509 1278 1594; x_wconf 84' lang='lat' dir='ltr'><strong>antistrophicaexcepto</strong></span> 
     </span>
     <span class='ocr_line' id='line_1_12' title="bbox 159 1613 1277 1700; baseline -0.001 -19"><span class='ocrx_word' id='word_1_84' title='bbox 159 1639 234 1695; x_wconf 91' lang='lat' dir='ltr'><strong>uno,</strong></span> <span class='ocrx_word' id='word_1_85' title='bbox 259 1617 343 1700; x_wconf 90' lang='lat' dir='ltr'><strong>quod</strong></span> <span class='ocrx_word' id='word_1_86' title='bbox 367 1617 486 1700; x_wconf 88' lang='lat' dir='ltr'><strong>legitur</strong></span> <span class='ocrx_word' id='word_1_87' title='bbox 508 1616 542 1679; x_wconf 90' lang='lat' dir='ltr'><strong>in</strong></span> <span class='ocrx_word' id='word_1_88' title='bbox 567 1616 707 1700; x_wconf 80' lang='lat' dir='ltr'><strong>Choeph.</strong></span> <span class='ocrx_word' id='word_1_89' title='bbox 736 1617 819 1694; x_wconf 75' lang='lat' dir='ltr'><strong>lea,</strong></span> <span class='ocrx_word' id='word_1_90' title='bbox 844 1615 929 1699; x_wconf 87' lang='lat' dir='ltr'><strong>quod</strong></span> <span class='ocrx_word' id='word_1_91' title='bbox 946 1613 1128 1680; x_wconf 86' lang='lat' dir='ltr'><strong>Promethei</strong></span> <span class='ocrx_word' id='word_1_92' title='bbox 1151 1639 1277 1684; x_wconf 89' lang='lat' dir='ltr'><strong>carmen</strong></span> 
     </span>
    </p>
   </div>
   <div class='ocr_carea' id='block_1_3' title="bbox 159 1722 1281 1914">
    <p class='ocr_par' dir='ltr' id='par_1_3' title="bbox 159 1722 1281 1914">
     <span class='ocr_line' id='line_1_13' title="bbox 159 1722 1278 1808; baseline 0 -20"><span class='ocrx_word' id='word_1_93' title='bbox 159 1723 381 1808; x_wconf 73' lang='lat' dir='ltr'><strong>magnitudine</strong></span> <span class='ocrx_word' id='word_1_94' title='bbox 416 1726 555 1807; x_wconf 88' lang='lat' dir='ltr'><strong>superat.</strong></span> <span class='ocrx_word' id='word_1_95' title='bbox 601 1722 682 1788; x_wconf 91' lang='lat' dir='ltr'><strong>Vide</strong></span> <span class='ocrx_word' id='word_1_96' title='bbox 719 1745 812 1806; x_wconf 90' lang='lat' dir='ltr'><strong>quem</strong></span> <span class='ocrx_word' id='word_1_97' title='bbox 844 1723 959 1786; x_wconf 92' lang='lat' dir='ltr'><strong>horum</strong></span> <span class='ocrx_word' id='word_1_98' title='bbox 993 1723 1169 1788; x_wconf 88' lang='lat' dir='ltr'><strong>carminum</strong></span> <span class='ocrx_word' id='word_1_99' title='bbox 1202 1745 1278 1788; x_wconf 90' lang='lat' dir='ltr'><strong>con-</strong></span> 
     </span>
     <span class='ocr_line' id='line_1_14' title="bbox 161 1828 1281 1914; baseline 0.001 -20"><span class='ocrx_word' id='word_1_100' title='bbox 161 1833 309 1912; x_wconf 88' lang='lat' dir='ltr'><strong>spectum</strong></span> <span class='ocrx_word' id='word_1_101' title='bbox 331 1829 419 1894; x_wconf 88' lang='lat' dir='ltr'><strong>dedit</strong></span> <span class='ocrx_word' id='word_1_102' title='bbox 431 1828 609 1913; x_wconf 87' lang='lat' dir='ltr'><strong>Westphal.</strong></span> <span class='ocrx_word' id='word_1_103' title='bbox 633 1829 781 1914; x_wconf 87' lang='lat' dir='ltr'><strong>Prolegg.</strong></span> <span class='ocrx_word' id='word_1_104' title='bbox 806 1833 862 1914; x_wconf 81' lang='lat' dir='ltr'><strong>etc.</strong></span> <span class='ocrx_word' id='word_1_105' title='bbox 887 1853 918 1912; x_wconf 90' lang='lat' dir='ltr'><strong>p.</strong></span> <span class='ocrx_word' id='word_1_106' title='bbox 936 1829 1119 1896; x_wconf 78' lang='lat'><strong>189-192.</strong></span> <span class='ocrx_word' id='word_1_107' title='bbox 1150 1829 1281 1896; x_wconf 88' lang='lat' dir='ltr'><strong>Accedit</strong></span> 
     </span>
    </p>
   </div>
   <div class='ocr_carea' id='block_1_4' title="bbox 162 1935 1401 2022">
    <p class='ocr_par' dir='ltr' id='par_1_4' title="bbox 162 1935 1401 2022">
     <span class='ocr_line' id='line_1_15' title="bbox 162 1935 1401 2022; baseline -0.001 -22"><span class='ocrx_word' id='word_1_108' title='bbox 162 1935 224 2000; x_wconf 86' lang='lat' dir='ltr'><strong>alia</strong></span> <span class='ocrx_word' id='word_1_109' title='bbox 238 1937 322 2001; x_wconf 90' lang='lat' dir='ltr'><strong>inter</strong></span> <span class='ocrx_word' id='word_1_110' title='bbox 338 1935 562 2001; x_wconf 73' lang='lat' dir='ltr'><strong>Prometheum</strong></span> <span class='ocrx_word' id='word_1_111' title='bbox 576 1939 608 2000; x_wconf 90' lang='lat' dir='ltr'><strong>et</strong></span> <span class='ocrx_word' id='word_1_112' title='bbox 617 1939 735 2000; x_wconf 87' lang='lat' dir='ltr'><strong>ceteras</strong></span> <span class='ocrx_word' id='word_1_113' title='bbox 744 1936 894 2020; x_wconf 84' lang='lat' dir='ltr'><strong>Aeschyli</strong></span> <span class='ocrx_word' id='word_1_114' title='bbox 903 1936 1082 2022; x_wconf 85' lang='lat' dir='ltr'><strong>tragoedias</strong></span> <span class='ocrx_word' id='word_1_115' title='bbox 1092 1936 1277 2002; x_wconf 85' lang='lat' dir='ltr'><strong>differentia.</strong></span> <span class='ocrx_word' id='word_1_116' title='bbox 1389 1961 1401 1978; x_wconf 67' lang='lat'><strong><em>‘</em></strong></span> 
     </span>
    </p>
   </div>
   <div class='ocr_carea' id='block_1_5' title="bbox 158 2041 1277 2447">
    <p class='ocr_par' dir='ltr' id='par_1_5' title="bbox 158 2041 1277 2447">
     <span class='ocr_line' id='line_1_16' title="bbox 161 2041 1277 2130; baseline 0.002 -23"><span class='ocrx_word' id='word_1_117' title='bbox 161 2043 379 2127; x_wconf 85' lang='lat' dir='ltr'><strong>Unaquaeque</strong></span> <span class='ocrx_word' id='word_1_118' title='bbox 411 2043 496 2107; x_wconf 89' lang='lat' dir='ltr'><strong>enim</strong></span> <span class='ocrx_word' id='word_1_119' title='bbox 528 2042 694 2128; x_wconf 82' lang='lat' dir='ltr'><strong>tragoedia</strong></span> <span class='ocrx_word' id='word_1_120' title='bbox 717 2041 901 2126; x_wconf 88' lang='lat' dir='ltr'><strong>Aeschylea,</strong></span> <span class='ocrx_word' id='word_1_121' title='bbox 925 2044 950 2108; x_wconf 91' lang='lat' dir='ltr'><strong>si</strong></span> <span class='ocrx_word' id='word_1_122' title='bbox 973 2066 1030 2128; x_wconf 90' lang='lat' dir='ltr'><strong>per</strong></span> <span class='ocrx_word' id='word_1_123' title='bbox 1053 2049 1277 2130; x_wconf 85' lang='lat' dir='ltr'><strong>argumentum</strong></span> 
     </span>
     <span class='ocr_line' id='line_1_17' title="bbox 158 2149 1276 2237; baseline 0.003 -24"><span class='ocrx_word' id='word_1_124' title='bbox 158 2149 192 2214; x_wconf 91' lang='lat' dir='ltr'><strong>id</strong></span> <span class='ocrx_word' id='word_1_125' title='bbox 226 2150 295 2214; x_wconf 90' lang='lat' dir='ltr'><strong>fieri</strong></span> <span class='ocrx_word' id='word_1_126' title='bbox 318 2151 406 2228; x_wconf 90' lang='lat' dir='ltr'><strong>licet,</strong></span> <span class='ocrx_word' id='word_1_127' title='bbox 439 2151 541 2236; x_wconf 78' lang='grc' dir='ltr'><strong>θρήνῳ</strong></span> <span class='ocrx_word' id='word_1_128' title='bbox 574 2171 597 2214; x_wconf 92' lang='lat' dir='ltr'><strong>s.</strong></span> <span class='ocrx_word' id='word_1_129' title='bbox 612 2163 731 2237; x_wconf 70' lang='lat' dir='ltr'><strong>aopprp</strong></span> <span class='ocrx_word' id='word_1_130' title='bbox 765 2157 918 2217; x_wconf 83' lang='lat' dir='ltr'><strong>exornata</strong></span> <span class='ocrx_word' id='word_1_131' title='bbox 941 2160 1000 2232; x_wconf 89' lang='lat' dir='ltr'><strong>est,</strong></span> <span class='ocrx_word' id='word_1_132' title='bbox 1034 2151 1127 2235; x_wconf 88' lang='lat' dir='ltr'><strong>quale</strong></span> <span class='ocrx_word' id='word_1_133' title='bbox 1151 2174 1276 2216; x_wconf 90' lang='lat' dir='ltr'><strong>carmen</strong></span> 
     </span>
     <span class='ocr_line' id='line_1_18' title="bbox 159 2255 1277 2342; baseline 0.004 -22"><span class='ocrx_word' id='word_1_134' title='bbox 159 2255 357 2342; x_wconf 84' lang='lat' dir='ltr'><strong>Ohoephoris</strong></span> <span class='ocrx_word' id='word_1_135' title='bbox 388 2259 526 2340; x_wconf 83' lang='lat' dir='ltr'><strong>exceptis</strong></span> <span class='ocrx_word' id='word_1_136' title='bbox 554 2257 588 2321; x_wconf 90' lang='lat' dir='ltr'><strong>in</strong></span> <span class='ocrx_word' id='word_1_137' title='bbox 611 2258 710 2322; x_wconf 84' lang='lat' dir='ltr'><strong>exodo</strong></span> <span class='ocrx_word' id='word_1_138' title='bbox 734 2258 841 2322; x_wconf 89' lang='lat' dir='ltr'><strong>locum</strong></span> <span class='ocrx_word' id='word_1_139' title='bbox 863 2258 968 2323; x_wconf 90' lang='lat' dir='ltr'><strong>habet.</strong></span> <span class='ocrx_word' id='word_1_140' title='bbox 1016 2257 1132 2324; x_wconf 80' lang='lat' dir='ltr'><strong>Carent</strong></span> <span class='ocrx_word' id='word_1_141' title='bbox 1155 2281 1277 2324; x_wconf 89' lang='lat' dir='ltr'><strong>commo</strong></span> 
     </span>
     <span class='ocr_line' id='line_1_19' title="bbox 160 2363 1274 2447; baseline 0.003 -19"><span class='ocrx_word' id='word_1_142' title='bbox 160 2363 324 2447; x_wconf 83' lang='lat' dir='ltr'><strong>Supplices</strong></span> <span class='ocrx_word' id='word_1_143' title='bbox 357 2369 388 2428; x_wconf 92' lang='lat' dir='ltr'><strong>et</strong></span> <span class='ocrx_word' id='word_1_144' title='bbox 418 2363 624 2442; x_wconf 79' lang='lat' dir='ltr'><strong>Eumenides,</strong></span> <span class='ocrx_word' id='word_1_145' title='bbox 657 2365 859 2428; x_wconf 70' lang='lat' dir='ltr'><strong>substituitur</strong></span> <span class='ocrx_word' id='word_1_146' title='bbox 891 2371 1000 2430; x_wconf 89' lang='lat' dir='ltr'><strong>tamen</strong></span> <span class='ocrx_word' id='word_1_147' title='bbox 1032 2367 1094 2430; x_wconf 90' lang='lat' dir='ltr'><strong>alio</strong></span> <span class='ocrx_word' id='word_1_148' title='bbox 1128 2369 1274 2445; x_wconf 78' lang='lat' dir='ltr'><strong>carmine,</strong></span> 
     </span>
    </p>
   </div>
   <div class='ocr_carea' id='block_1_6' title="bbox 158 2469 1279 3094">
    <p class='ocr_par' dir='ltr' id='par_1_6' title="bbox 158 2469 1279 3094">
     <span class='ocr_line' id='line_1_20' title="bbox 160 2469 1279 2557; baseline 0.003 -23"><span class='ocrx_word' id='word_1_149' title='bbox 160 2470 244 2554; x_wconf 92' lang='lat' dir='ltr'><strong>quod</strong></span> <span class='ocrx_word' id='word_1_150' title='bbox 269 2474 345 2555; x_wconf 88' lang='lat' dir='ltr'><strong>apte</strong></span> <span class='ocrx_word' id='word_1_151' title='bbox 367 2473 458 2556; x_wconf 69' lang='grc' dir='ltr'>μέλος</span> <span class='ocrx_word' id='word_1_152' title='bbox 481 2469 622 2557; x_wconf 82' lang='grc' dir='ltr'>ἀμοδικόν</span> <span class='ocrx_word' id='word_1_153' title='bbox 644 2471 837 2535; x_wconf 89' lang='lat' dir='ltr'><strong>nominatur.</strong></span> <span class='ocrx_word' id='word_1_154' title='bbox 884 2470 921 2534; x_wconf 91' lang='lat' dir='ltr'><strong>ln</strong></span> <span class='ocrx_word' id='word_1_155' title='bbox 937 2470 1126 2537; x_wconf 88' lang='lat' dir='ltr'><strong>Prometheo</strong></span> <span class='ocrx_word' id='word_1_156' title='bbox 1148 2495 1222 2538; x_wconf 90' lang='lat' dir='ltr'><strong>vero</strong></span> <span class='ocrx_word' id='word_1_157' title='bbox 1246 2476 1279 2537; x_wconf 87' lang='lat' dir='ltr'><strong>et</strong></span> 
     </span>
     <span class='ocr_line' id='line_1_21' title="bbox 159 2576 1277 2663; baseline 0.002 -22"><span class='ocrx_word' id='word_1_158' title='bbox 159 2578 195 2642; x_wconf 87' lang='lat' dir='ltr'><strong>in</strong></span> <span class='ocrx_word' id='word_1_159' title='bbox 210 2581 386 2642; x_wconf 82' lang='lat' dir='ltr'><strong>ceterorum</strong></span> <span class='ocrx_word' id='word_1_160' title='bbox 402 2579 597 2663; x_wconf 86' lang='lat' dir='ltr'><strong>tragicorum</strong></span> <span class='ocrx_word' id='word_1_161' title='bbox 612 2576 727 2641; x_wconf 86' lang='lat' dir='ltr'><strong>fabulis</strong></span> <span class='ocrx_word' id='word_1_162' title='bbox 742 2581 815 2662; x_wconf 90' lang='lat' dir='ltr'><strong>post</strong></span> <span class='ocrx_word' id='word_1_163' title='bbox 828 2578 958 2642; x_wconf 84' lang='lat' dir='ltr'><strong>tertium</strong></span> <span class='ocrx_word' id='word_1_164' title='bbox 972 2579 1135 2643; x_wconf 87' lang='lat' dir='ltr'><strong>stasimum</strong></span> <span class='ocrx_word' id='word_1_165' title='bbox 1152 2580 1277 2644; x_wconf 89' lang='lat' dir='ltr'><strong>nullum</strong></span> 
     </span>
     <span class='ocr_line' id='line_1_22' title="bbox 158 2683 1274 2769; baseline 0.002 -21"><span class='ocrx_word' id='word_1_166' title='bbox 158 2685 323 2749; x_wconf 84' lang='lat' dir='ltr'><strong>invenitur</strong></span> <span class='ocrx_word' id='word_1_167' title='bbox 354 2707 495 2763; x_wconf 90' lang='lat' dir='ltr'><strong>carmen,</strong></span> <span class='ocrx_word' id='word_1_168' title='bbox 528 2686 565 2748; x_wconf 91' lang='lat' dir='ltr'><strong>ut</strong></span> <span class='ocrx_word' id='word_1_169' title='bbox 598 2684 689 2748; x_wconf 89' lang='lat' dir='ltr'><strong>exodi</strong></span> <span class='ocrx_word' id='word_1_170' title='bbox 722 2683 864 2748; x_wconf 88' lang='lat' dir='ltr'><strong>definitio</strong></span> <span class='ocrx_word' id='word_1_171' title='bbox 897 2686 1038 2769; x_wconf 90' lang='lat' dir='ltr'><strong>poeticae</strong></span> <span class='ocrx_word' id='word_1_172' title='bbox 1061 2685 1274 2765; x_wconf 87' lang='lat' dir='ltr'><strong>Aristoteliae,</strong></span> 
     </span>
     <span class='ocr_line' id='line_1_23' title="bbox 159 2791 1276 2876; baseline 0 -19"><span class='ocrx_word' id='word_1_173' title='bbox 159 2815 257 2876; x_wconf 91' lang='lat' dir='ltr'><strong>quam</strong></span> <span class='ocrx_word' id='word_1_174' title='bbox 272 2791 438 2875; x_wconf 83' lang='lat' dir='ltr'><strong>Sophoclis</strong></span> <span class='ocrx_word' id='word_1_175' title='bbox 462 2795 494 2856; x_wconf 85' lang='lat' dir='ltr'><strong>et</strong></span> <span class='ocrx_word' id='word_1_176' title='bbox 510 2791 669 2875; x_wconf 77' lang='lat' dir='ltr'><strong>Euripidis</strong></span> <span class='ocrx_word' id='word_1_177' title='bbox 693 2791 816 2856; x_wconf 88' lang='lat' dir='ltr'><strong>fabulas</strong></span> <span class='ocrx_word' id='word_1_178' title='bbox 840 2792 1009 2876; x_wconf 82' lang='lat' dir='ltr'><strong>respexisse</strong></span> <span class='ocrx_word' id='word_1_179' title='bbox 1023 2795 1156 2871; x_wconf 87' lang='lat' dir='ltr'><strong>constat,</strong></span> <span class='ocrx_word' id='word_1_180' title='bbox 1181 2793 1276 2857; x_wconf 89' lang='lat' dir='ltr'><strong>ctiam</strong></span> 
     </span>
     <span class='ocr_line' id='line_1_24' title="bbox 159 2897 1275 2988; baseline 0.001 -25"><span class='ocrx_word' id='word_1_181' title='bbox 159 2900 192 2964; x_wconf 91' lang='lat' dir='ltr'><strong>in</strong></span> <span class='ocrx_word' id='word_1_182' title='bbox 216 2898 442 2964; x_wconf 89' lang='lat' dir='ltr'><strong>Prometheum</strong></span> <span class='ocrx_word' id='word_1_183' title='bbox 464 2899 571 2963; x_wconf 88' lang='lat' dir='ltr'><strong>cadat:</strong></span> <span class='ocrx_word' id='word_1_184' title='bbox 600 2897 702 2972; x_wconf 73' lang='grc' dir='ltr'>ἔξοδος</span> <span class='ocrx_word' id='word_1_185' title='bbox 726 2900 757 2963; x_wconf 84' lang='grc' dir='ltr'><strong>δὲ</strong></span> <span class='ocrx_word' id='word_1_186' title='bbox 779 2905 868 2984; x_wconf 74' lang='grc' dir='ltr'>μέρος</span> <span class='ocrx_word' id='word_1_187' title='bbox 891 2898 961 2988; x_wconf 75' lang='grc' dir='ltr'>ὅλον</span> <span class='ocrx_word' id='word_1_188' title='bbox 983 2899 1147 2984; x_wconf 75' lang='grc' dir='ltr'>τραγῳδίας</span> <span class='ocrx_word' id='word_1_189' title='bbox 1170 2897 1275 2984; x_wconf 69' lang='lat' dir='ltr'><strong>psd&#39;d</strong></span> 
     </span>
     <span class='ocr_line' id='line_1_25' title="bbox 159 3003 1276 3094; baseline 0 -22"><span class='ocrx_word' id='word_1_190' title='bbox 159 3003 215 3072; x_wconf 79' lang='lat' dir='ltr'><strong>aba</strong></span> <span class='ocrx_word' id='word_1_191' title='bbox 248 3005 307 3071; x_wconf 78' lang='grc' dir='ltr'>ἔστι</span> <span class='ocrx_word' id='word_1_192' title='bbox 337 3015 431 3092; x_wconf 79' lang='grc' dir='ltr'>χοροῦ</span> <span class='ocrx_word' id='word_1_193' title='bbox 463 3008 563 3094; x_wconf 77' lang='grc' dir='ltr'>μέλος.</span> <span class='ocrx_word' id='word_1_194' title='bbox 610 3007 755 3089; x_wconf 90' lang='lat' dir='ltr'><strong>Denique</strong></span> <span class='ocrx_word' id='word_1_195' title='bbox 787 3028 861 3070; x_wconf 91' lang='lat' dir='ltr'><strong>usus</strong></span> <span class='ocrx_word' id='word_1_196' title='bbox 893 3010 1137 3091; x_wconf 86' lang='lat' dir='ltr'><strong>anapaestorum</strong></span> <span class='ocrx_word' id='word_1_197' title='bbox 1169 3008 1276 3090; x_wconf 88' lang='lat' dir='ltr'><strong>paucis</strong></span> 
     </span>
    </p>
   </div>
   <div class='ocr_carea' id='block_1_7' title="bbox 158 3112 1275 3843">
    <p class='ocr_par' dir='ltr' id='par_1_7' title="bbox 158 3112 1275 3843">
     <span class='ocr_line' id='line_1_26' title="bbox 160 3112 1275 3198; baseline -0.001 -19"><span class='ocrx_word' id='word_1_198' title='bbox 160 3115 432 3180; x_wconf 87' lang='lat' dir='ltr'><strong>commemoretur.</strong></span> <span class='ocrx_word' id='word_1_199' title='bbox 479 3112 568 3178; x_wconf 82' lang='lat' dir='ltr'><strong>Solet</strong></span> <span class='ocrx_word' id='word_1_200' title='bbox 590 3115 675 3177; x_wconf 89' lang='lat' dir='ltr'><strong>enim</strong></span> <span class='ocrx_word' id='word_1_201' title='bbox 698 3112 872 3198; x_wconf 86' lang='lat' dir='ltr'><strong>Aeschylus</strong></span> <span class='ocrx_word' id='word_1_202' title='bbox 895 3114 1112 3178; x_wconf 84' lang='lat' dir='ltr'><strong>advenientem</strong></span> <span class='ocrx_word' id='word_1_203' title='bbox 1136 3116 1275 3179; x_wconf 87' lang='lat' dir='ltr'><strong>actorem</strong></span> 
     </span>
     <span class='ocr_line' id='line_1_27' title="bbox 160 3220 1274 3305; baseline 0.001 -21"><span class='ocrx_word' id='word_1_204' title='bbox 160 3221 303 3305; x_wconf 88' lang='lat' dir='ltr'><strong>pluribus</strong></span> <span class='ocrx_word' id='word_1_205' title='bbox 325 3221 537 3304; x_wconf 89' lang='lat' dir='ltr'><strong>hypermetris</strong></span> <span class='ocrx_word' id='word_1_206' title='bbox 560 3221 716 3305; x_wconf 87' lang='lat' dir='ltr'><strong>prosequi,</strong></span> <span class='ocrx_word' id='word_1_207' title='bbox 741 3220 826 3304; x_wconf 91' lang='lat' dir='ltr'><strong>quod</strong></span> <span class='ocrx_word' id='word_1_208' title='bbox 849 3220 934 3285; x_wconf 89' lang='lat' dir='ltr'><strong>idem</strong></span> <span class='ocrx_word' id='word_1_209' title='bbox 951 3221 1070 3286; x_wconf 80' lang='lat' dir='ltr'><strong>factum</strong></span> <span class='ocrx_word' id='word_1_210' title='bbox 1086 3221 1226 3286; x_wconf 85' lang='lat' dir='ltr'><strong>videmus</strong></span> <span class='ocrx_word' id='word_1_211' title='bbox 1240 3221 1274 3285; x_wconf 92' lang='lat' dir='ltr'><strong>in</strong></span> 
     </span>
     <span class='ocr_line' id='line_1_28' title="bbox 163 3326 1274 3414; baseline 0 -22"><span class='ocrx_word' id='word_1_212' title='bbox 163 3326 280 3393; x_wconf 87' lang='lat' dir='ltr'><strong>Oceani</strong></span> <span class='ocrx_word' id='word_1_213' title='bbox 303 3329 437 3405; x_wconf 88' lang='lat' dir='ltr'><strong>incessu,</strong></span> <span class='ocrx_word' id='word_1_214' title='bbox 461 3329 514 3410; x_wconf 87' lang='lat' dir='ltr'><strong>qui</strong></span> <span class='ocrx_word' id='word_1_215' title='bbox 537 3329 605 3412; x_wconf 90' lang='lat' dir='ltr'><strong>ipse</strong></span> <span class='ocrx_word' id='word_1_216' title='bbox 627 3330 660 3392; x_wconf 87' lang='lat' dir='ltr'><strong>et</strong></span> <span class='ocrx_word' id='word_1_217' title='bbox 682 3328 796 3393; x_wconf 89' lang='lat' dir='ltr'><strong>chorus</strong></span> <span class='ocrx_word' id='word_1_218' title='bbox 819 3328 946 3414; x_wconf 88' lang='lat' dir='ltr'><strong>singula</strong></span> <span class='ocrx_word' id='word_1_219' title='bbox 969 3329 1172 3414; x_wconf 87' lang='lat' dir='ltr'><strong>hypermetra</strong></span> <span class='ocrx_word' id='word_1_220' title='bbox 1196 3329 1274 3394; x_wconf 87' lang='lat' dir='ltr'><strong>reci-</strong></span> 
     </span>
     <span class='ocr_line' id='line_1_29' title="bbox 160 3434 1274 3522; baseline 0.001 -23"><span class='ocrx_word' id='word_1_221' title='bbox 160 3441 249 3512; x_wconf 81' lang='lat' dir='ltr'><strong>tant3</strong></span> <span class='ocrx_word' id='word_1_222' title='bbox 282 3457 347 3499; x_wconf 91' lang='lat' dir='ltr'><strong>non</strong></span> <span class='ocrx_word' id='word_1_223' title='bbox 371 3435 455 3498; x_wconf 91' lang='lat' dir='ltr'><strong>idem</strong></span> <span class='ocrx_word' id='word_1_224' title='bbox 479 3434 531 3500; x_wconf 87' lang='lat' dir='ltr'><strong>lus</strong></span> <span class='ocrx_word' id='word_1_225' title='bbox 554 3434 692 3499; x_wconf 85' lang='lat' dir='ltr'><strong>adventu</strong></span> <span class='ocrx_word' id='word_1_226' title='bbox 715 3435 768 3514; x_wconf 88' lang='lat' dir='ltr'><strong>fit,</strong></span> <span class='ocrx_word' id='word_1_227' title='bbox 798 3459 879 3518; x_wconf 89' lang='lat' dir='ltr'><strong>quae</strong></span> <span class='ocrx_word' id='word_1_228' title='bbox 902 3458 966 3500; x_wconf 91' lang='lat' dir='ltr'><strong>uno</strong></span> <span class='ocrx_word' id='word_1_229' title='bbox 991 3437 1194 3522; x_wconf 89' lang='lat' dir='ltr'><strong>hypermetro</strong></span> <span class='ocrx_word' id='word_1_230' title='bbox 1217 3458 1274 3500; x_wconf 90' lang='lat' dir='ltr'><strong>usa</strong></span> 
     </span>
     <span class='ocr_line' id='line_1_30' title="bbox 158 3542 1274 3629; baseline 0.002 -22"><span class='ocrx_word' id='word_1_231' title='bbox 158 3565 305 3608; x_wconf 88' lang='lat' dir='ltr'><strong>scaenam</strong></span> <span class='ocrx_word' id='word_1_232' title='bbox 327 3542 517 3628; x_wconf 84' lang='lat' dir='ltr'><strong>ingreditur.</strong></span> <span class='ocrx_word' id='word_1_233' title='bbox 555 3543 672 3608; x_wconf 90' lang='lat' dir='ltr'><strong>Eodem</strong></span> <span class='ocrx_word' id='word_1_234' title='bbox 696 3544 789 3609; x_wconf 88' lang='lat' dir='ltr'><strong>modo</strong></span> <span class='ocrx_word' id='word_1_235' title='bbox 815 3566 882 3608; x_wconf 89' lang='lat' dir='ltr'><strong>mos</strong></span> <span class='ocrx_word' id='word_1_236' title='bbox 896 3543 1096 3629; x_wconf 89' lang='lat' dir='ltr'><strong>Aeschyleus,</strong></span> <span class='ocrx_word' id='word_1_237' title='bbox 1121 3566 1183 3628; x_wconf 93' lang='lat' dir='ltr'><strong>quo</strong></span> <span class='ocrx_word' id='word_1_238' title='bbox 1207 3545 1274 3629; x_wconf 91' lang='lat' dir='ltr'><strong>epi·</strong></span> 
     </span>
     <span class='ocr_line' id='line_1_31' title="bbox 158 3649 1274 3735; baseline 0.001 -21"><span class='ocrx_word' id='word_1_239' title='bbox 158 3650 247 3715; x_wconf 90' lang='lat' dir='ltr'><strong>sodia</strong></span> <span class='ocrx_word' id='word_1_240' title='bbox 270 3651 450 3735; x_wconf 89' lang='lat' dir='ltr'><strong>anapaestis</strong></span> <span class='ocrx_word' id='word_1_241' title='bbox 473 3649 714 3730; x_wconf 89' lang='lat' dir='ltr'><strong>concluduntur,</strong></span> <span class='ocrx_word' id='word_1_242' title='bbox 739 3650 866 3716; x_wconf 90' lang='lat' dir='ltr'><strong>relictus</strong></span> <span class='ocrx_word' id='word_1_243' title='bbox 890 3655 945 3719; x_wconf 86' lang='lat' dir='ltr'><strong>est.</strong></span> <span class='ocrx_word' id='word_1_244' title='bbox 992 3651 1040 3715; x_wconf 91' lang='lat' dir='ltr'><strong>De</strong></span> <span class='ocrx_word' id='word_1_245' title='bbox 1063 3650 1218 3735; x_wconf 84' lang='lat' dir='ltr'><strong>Sophocle</strong></span> <span class='ocrx_word' id='word_1_246' title='bbox 1241 3653 1274 3717; x_wconf 89' lang='lat' dir='ltr'><strong>et</strong></span> 
     </span>
     <span class='ocr_line' id='line_1_32' title="bbox 159 3757 1273 3843; baseline 0.001 -23"><span class='ocrx_word' id='word_1_247' title='bbox 159 3757 319 3842; x_wconf 85' lang='lat' dir='ltr'><strong>Euripide,</strong></span> <span class='ocrx_word' id='word_1_248' title='bbox 344 3757 399 3842; x_wconf 91' lang='lat' dir='ltr'><strong>qui</strong></span> <span class='ocrx_word' id='word_1_249' title='bbox 423 3762 455 3822; x_wconf 91' lang='lat' dir='ltr'><strong>et</strong></span> <span class='ocrx_word' id='word_1_250' title='bbox 477 3758 563 3823; x_wconf 90' lang='lat' dir='ltr'><strong>hunc</strong></span> <span class='ocrx_word' id='word_1_251' title='bbox 586 3762 619 3824; x_wconf 91' lang='lat' dir='ltr'><strong>et</strong></span> <span class='ocrx_word' id='word_1_252' title='bbox 631 3759 721 3823; x_wconf 92' lang='lat' dir='ltr'><strong>illum</strong></span> <span class='ocrx_word' id='word_1_253' title='bbox 738 3763 981 3843; x_wconf 88' lang='lat' dir='ltr'><strong>anapaestorum</strong></span> <span class='ocrx_word' id='word_1_254' title='bbox 995 3779 1086 3823; x_wconf 88' lang='lat' dir='ltr'><strong>usum</strong></span> <span class='ocrx_word' id='word_1_255' title='bbox 1100 3757 1139 3822; x_wconf 91' lang='lat' dir='ltr'><strong>ad</strong></span> <span class='ocrx_word' id='word_1_256' title='bbox 1154 3780 1273 3822; x_wconf 89' lang='lat' dir='ltr'><strong>morem</strong></span> 
     </span>
    </p>
   </div>
   <div class='ocr_carea' id='block_1_8' title="bbox 158 3864 1274 4056">
    <p class='ocr_par' dir='ltr' id='par_1_8' title="bbox 158 3864 1274 4056">
     <span class='ocr_line' id='line_1_33' title="bbox 158 3864 1274 3950; baseline 0.001 -21"><span class='ocrx_word' id='word_1_257' title='bbox 158 3868 348 3950; x_wconf 87' lang='lat' dir='ltr'><strong>perpetuum</strong></span> <span class='ocrx_word' id='word_1_258' title='bbox 380 3868 412 3931; x_wconf 87' lang='lat' dir='ltr'><strong>et</strong></span> <span class='ocrx_word' id='word_1_259' title='bbox 443 3887 588 3930; x_wconf 89' lang='lat' dir='ltr'><strong>normam</strong></span> <span class='ocrx_word' id='word_1_260' title='bbox 615 3866 863 3944; x_wconf 83' lang='lat' dir='ltr'><strong>transferebant,</strong></span> <span class='ocrx_word' id='word_1_261' title='bbox 895 3865 967 3930; x_wconf 84' lang='lat' dir='ltr'><strong>vide</strong></span> <span class='ocrx_word' id='word_1_262' title='bbox 989 3864 1274 3930; x_wconf 84' lang='lat' dir='ltr'><strong>Rossbach-West·</strong></span> 
     </span>
     <span class='ocr_line' id='line_1_34' title="bbox 158 3971 760 4056; baseline 0.005 -21"><span class='ocrx_word' id='word_1_263' title='bbox 158 3971 245 4056; x_wconf 90' lang='lat' dir='ltr'><strong>phal.</strong></span> <span class='ocrx_word' id='word_1_264' title='bbox 271 3975 330 4039; x_wconf 91' lang='lat' dir='ltr'><strong>art.</strong></span> <span class='ocrx_word' id='word_1_265' title='bbox 353 3976 442 4039; x_wconf 86' lang='lat' dir='ltr'><strong>metr.</strong></span> <span class='ocrx_word' id='word_1_266' title='bbox 467 3971 537 4051; x_wconf 77' lang='lat' dir='ltr'><strong>ll.²,</strong></span> <span class='ocrx_word' id='word_1_267' title='bbox 561 3995 592 4056; x_wconf 91' lang='lat' dir='ltr'><strong>p.</strong></span> <span class='ocrx_word' id='word_1_268' title='bbox 616 3973 691 4037; x_wconf 82' lang='lat'><strong>413.</strong></span> <span class='ocrx_word' id='word_1_269' title='bbox 715 3995 760 4056; x_wconf 89' lang='lat' dir='ltr'><strong>sq.</strong></span> 
     </span>
    </p>
   </div>
   <div class='ocr_carea' id='block_1_9' title="bbox 585 4241 849 4254">
    <p class='ocr_par' dir='ltr' id='par_1_9' title="bbox 585 4241 849 4254">
     <span class='ocr_line' id='line_1_35' title="bbox 585 4241 849 4254; baseline 0 -4"><span class='ocrx_word' id='word_1_270' title='bbox 585 4241 849 4254; x_wconf 39' lang='grc' dir='ltr'>...ὴ-...ψ-</span> 
     </span>
    </p>
   </div>
   <div class='ocr_carea' id='block_1_10' title="bbox 0 0 1572 4998">
    <p class='ocr_par' dir='ltr' id='par_1_10' title="bbox 0 0 1572 4998">
     <span class='ocr_line' id='line_1_36' title="bbox 0 0 1572 4998; baseline 0 2"><span class='ocrx_word' id='word_1_271' title='bbox 0 0 1572 4998; x_wconf 95' lang='lat' dir='ltr'><strong> </strong></span> 
     </span>
    </p>
   </div>
  </div>
 </body>
</html>
