3134 4998
690 201 784 306 3.,

181 441 247 509 Sed
274 465 346 508 oum
377 444 419 509 ad
447 445 481 510 id
510 451 637 530 tempus
662 445 742 511 nihil
768 447 802 510 in
825 468 864 511 ea
886 399 1075 529 quaestione
1097 446 1308 529 disceptanda

18 555 36 612 :g
93 551 181 611 esset
209 545 406 630 profectum,
439 547 551 613 eodem
582 571 665 614 anno
699 553 780 613 1862
803 549 981 614 ediderunt
1007 547 1197 614 Dindorfius
1225 569 1309 614 com-

18 659 44 698 2*
93 649 332 716 mentationem
366 650 399 714 in
421 650 594 735 Philologo
626 651 687 716 vol.
721 651 850 720 XVIII
884 673 915 735 p.
950 655 990 716 55
1023 649 1056 716 ff.
1097 651 1226 732 „Ueher
1258 651 1310 716 die

90 749 307 816 mediceische
334 752 553 820 Handschrift
581 755 638 820 des
661 755 841 838 Aeschylus
871 755 938 819 und
965 755 1017 819 ihr
1039 754 1245 823 Verhttltniss
1270 776 1310 819 nn

20 865 39 906 λ
91 852 157 919 den
182 854 337 944 uebrigen
359 855 636 932 Handschriften“
661 863 694 923 et
715 858 959 923 Heimsoethius
980 857 1100 923 librum
1121 857 1226 938 illum,
1255 857 1312 940 qui

22 948 44 1029 is
91 956 282 1022 inscribitur
293 957 376 1038 „Die
388 959 545 1026 indirecte
558 960 826 1043 Ueberlieferung
841 961 897 1025 des
907 961 1146 1044 aeschylisehen
1159 959 1310 1025 Pextes“.

28 1073 37 1131 ἢ
96 1057 246 1142 Quorum
268 1060 322 1126 ille
355 1062 531 1129 admodum
562 1063 671 1128 multis
698 1063 888 1129 lectionibus
916 1062 1014 1136 variis
1040 1063 1163 1144 allatis,
1197 1084 1214 1129 e
1244 1061 1311 1128 solo

18 1180 41 1236 q.
92 1161 204 1228 codice
232 1163 377 1230 Medioeo
404 1171 528 1232 ceteros
558 1187 667 1231 omnes
690 1187 759 1232 esse
782 1166 937 1231 deductos
959 1165 1068 1231 studet
1089 1164 1310 1249 comprobare,

25 1315 30 1321 α
92 1264 148 1330 hic
170 1264 297 1333 codices
319 1270 514 1334 recentiores
537 1269 579 1334 ad
601 1269 720 1335 librum
736 1269 876 1352 aliquem
891 1268 1038 1334 Mediceo
1053 1270 1263 1352 integriorem
1278 1274 1311 1334 et

93 1370 303 1436 vetustiorem
326 1371 514 1437 referendos
536 1392 606 1462 esse
630 1371 781 1437 affirmat.
817 1373 870 1437 Ac
893 1371 932 1436 de
948 1371 1176 1436 Heimsoethio
1198 1376 1312 1455 postea

92 1471 329 1555 disputabitur:
361 1475 451 1559 prius
474 1473 636 1540 Dindorfii
664 1481 856 1559 argumenta
876 1495 953 1540 uum
975 1474 1039 1540 sint
1061 1495 1138 1540 vera
1161 1481 1219 1540 aut
1240 1495 1313 1559 pro·

22 1609 35 1634 i,
92 1574 217 1640 habilia
237 1576 413 1642 rideamne.

187 1677 252 1745 sed
280 1685 454 1763 antequem
481 1679 588 1745 dicere
611 1679 650 1744 de
672 1678 836 1744 Dindorfii
859 1679 1127 1744 commentatione
1150 1679 1311 1762 incipiam,
1340 1681 1343 1688 ‘

25 1834 28 1843 ,
94 1781 156 1846 hoc
187 1775 259 1847 erit
276 1782 506 1865 praefandum:
537 1782 683 1865 quamvis
715 1780 908 1846 dissentiant
934 1782 1020 1847 inter
1047 1803 1080 1846 se
1112 1803 1159 1846 vv.
1188 1781 1241 1847 dd.
1272 1781 1312 1845 de

18 1912 27 1949 n
98 1884 248 1950 codicum
269 1883 334 1949 fide
349 1890 383 1950 et
397 1886 602 1966 auctoritate,
625 1884 658 1948 id
680 1890 790 1949 tamen
812 1885 898 1949 inter
919 1905 1029 1949 omnes
1049 1888 1185 1964 constat,
1206 1905 1311 1967 segre·

26 1995 28 2052 ζ
95 1987 220 2070 gandae
254 2008 322 2053 esse
353 1987 387 2051 in
419 1988 481 2052 hac
509 1987 727 2072 disputatione
755 1987 879 2070 priores
908 2008 992 2071 quae
1014 1986 1163 2052 feruntur
1184 1985 1313 2053 fabulas

18 2120 28 2159 a
94 2091 115 2155 i.
146 2111 172 2156 e.
204 2090 450 2171 Prometheum,
482 2088 628 2174 Septem,
658 2090 778 2155 Persas
806 2090 847 2155 ab
871 2089 1009 2156 Orestea
1039 2097 1071 2156 et
1093 2089 1311 2174 supplicibus.

23 2201 30 2262 i
94 2194 246 2278 Egerunt
276 2193 316 2258 de
343 2193 383 2256 iis
413 2192 590 2274 codicibus,
620 2194 676 2276 qui
705 2190 938 2258 Oresteam'et
961 2193 1129 2278 Supplices
1159 2192 1313 2258 exhibent

96 2296 260 2380 Engerus,
283 2294 430 2360 Kechins
453 2295 523 2375 alii;
548 2317 607 2379 ego
629 2316 704 2361 vero
726 2295 806 2360 nihil
822 2316 872 2359 me
887 2296 1047 2360 invenisse
1061 2295 1223 2379 profiteor,
1248 2317 1312 2379 quo

18 2431 27 2489 ς
96 2399 133 2464 hi
158 2398 284 2464 codices
313 2418 330 2463 e
352 2397 497 2462 Medieeo
525 2420 588 2463 non
611 2398 741 2463 fluxisse
764 2403 987 2480 arguerentur.
1033 2396 1143 2481 Quare
1166 2419 1250 2481 qnae
1273 2398 1314 2465 de

18 2515 22 2573 t
97 2501 148 2566 his
170 2500 361 2567 Dindorfius
383 2501 564 2585 disputavit
585 2501 708 2566 omitto.
740 2499 804 2566 Sed
820 2499 886 2564 elia
908 2500 1053 2583 priorum
1074 2500 1173 2565 trium
1188 2500 1314 2565 fabula-

18 2669 24 2676 ,,
96 2626 169 2670 rum
204 2603 333 2669 videtur
363 2625 431 2669 esse
459 2604 555 2670 ratio.
600 2602 690 2688 Quas
718 2623 790 2668 cum
817 2608 1050 2685 perscrutarer,
1081 2603 1252 2668 nonnullos
1280 2604 1314 2668 in

95 2708 185 2773 locos
205 2706 313 2788 incidi,
336 2708 393 2790 qui
414 2707 495 2772 mihi
516 2705 702 2791 probarent,
726 2706 933 2772 statuendum
956 2727 1025 2772 esse
1045 2706 1256 2790 archetypum
1272 2706 1315 2773 ad

18 2853 19 2882 2
98 2830 194 2893 quem
222 2815 255 2874 et
283 2809 447 2876 Mediceus
473 2815 506 2874 et
528 2809 623 2874 codd.
654 2829 736 2875 rece.
765 2809 917 2874 redirent.
962 2808 1029 2875 Sed
1057 2808 1213 2874 obstabat
1234 2809 1315 2874 Din-

18 2949 20 2986 ;
98 2911 190 3006 dorfii
212 2913 405 2992 auctoritas,
435 2913 506 2995 qui,
540 2912 684 2996 quamvis
714 2917 821 2976 essent
843 2911 987 2976 oblocuti
1007 2911 1253 2977 Heimsoethius
1283 2918 1317 2977 et

18 3053 20 3090 2
98 3021 213 3099 postea
235 3015 458 3080 Weckleinius
482 3013 635 3099 (Studien
656 3037 695 3080 nu
717 3013 900 3098 Aeschylus
923 3037 953 3097 p.
978 3019 1019 3078 60
1042 3013 1093 3100 i),
1115 3014 1316 3096 praedicavit

18 3171 19 3174 ,
99 3118 134 3181 in
165 3117 343 3201 appendice
374 3116 488 3182 Lexici
509 3116 685 3202 Aeschylei
706 3139 737 3200 p.
765 3119 827 3181 405
861 3137 897 3197 „e
921 3117 1032 3181 codice
1060 3116 1146 3182 Med.
1170 3117 1317 3182 derivata

102 3239 170 3284 esse
194 3221 301 3286 omnia
322 3241 404 3302 quae
427 3220 534 3286 adhuc
548 3220 763 3285 innotuissent
778 3219 977 3304 apographa,
1000 3221 1034 3284 in
1049 3219 1316 3300 commentatione
1332 3291 1335 3300 Δ

100 3322 189 3388 edita
210 3323 243 3388 in
265 3321 352 3388 Phil.
374 3321 514 3404 XVIII,
538 3322 664 3388 invictis
686 3343 720 3388 se
743 3322 981 3388 demonstrasse
1003 3321 1210 3405 argumentis,
1233 3343 1317 3405 quae

99 3447 120 3490 a
143 3427 268 3490 nemine
290 3425 416 3490 videret
438 3423 665 3490 labefactata“.

189 3528 261 3592 Iam
282 3550 358 3594 vero
381 3528 598 3592 examinemus
621 3525 784 3591 Dindorfii
806 3531 999 3609 argumenta
1020 3547 1150 3592 necesse
1172 3532 1237 3592 est:
1302 3583 1305 3592 .

185 3630 268 3696 Post
300 3631 408 3716 Sept.
437 3653 465 3694 v.
497 3629 608 3716 175*)
636 3630 782 3712 sequitur
803 3630 836 3693 in
858 3630 928 3694 cod.
951 3630 1098 3696 Mediceo
1120 3629 1173 3694 hic
1195 3651 1315 3695 versus.

186 3727 236 3798 κεί
257 3732 301 3822 μή
322 3756 372 3809 τις
395 3727 490 3821 ἀρχῆς
511 3734 567 3818 τῆς
589 3728 665 3819 ἐμῆς
687 3724 860 3798 ἀκούσεται
875 3733 967 3798 codd.
984 3753 1065 3797 rece.
1082 3738 1190 3798 autem
1206 3754 1315 3799 omnes

101 3836 228 3901 addunt
253 3842 328 3920 post
349 3860 377 3901 r.
404 3841 463 3901 175
486 3836 582 3900 haec:
616 3838 752 3900 τοιαῦτα
777 3830 816 3900 ἂν
840 3834 963 3920 γυναιξὶ
985 3831 1142 3902 συνναίων
1163 3830 1247 3917 ἔχοις
1268 3835 1318 3902 vel

100 3932 222 4004 τοιαῦτ’
246 3934 286 4004 dv
307 3938 357 4003 vel
378 3941 513 4004 τοιαῦτα
536 3933 562 4022 y'
587 3931 634 4002 dv.

187 4041 290 4108 Recte
324 4040 402 4105 dicit
433 4041 642 4122 Dindorfius,
674 4048 757 4124 post.
791 4063 819 4106 v.
857 4045 916 4104 175
951 4040 1106 4106 excidisse
1138 4063 1176 4106 ea
1208 4041 1316 4121 verba,

101 4143 220 4227 quihus
248 4144 398 4210 Eteocles
433 4144 598 4209 Thebanis
628 4143 751 4226 aliquid
783 4144 973 4226 imperaret,
1012 4165 1084 4210 cum
1122 4164 1231 4208 versus
1268 4137 1319 4206 νεὶ

101 4243 146 4334 μή
168 4253 226 4312 etc.
250 4246 331 4312 nihil
353 4245 498 4328 haberet,
521 4268 585 4330 qno
609 4253 685 4331 apte
700 4245 884 4312 referretur.
923 4245 1173 4314 Concedendum
1189 4268 1318 4330 quoqne

190 4470 216 4538 ¹¹)
235 4469 363 4524 Numeris
383 4468 603 4523 Hermannianis
623 4473 687 4522 utor
704 4487 756 4538 per
773 4473 863 4522 totam
882 4469 1156 4522 commentationem.

1133 4570 1166 4623 l*
1272 4573 1277 4585 '
