3134 4998
709 297 752 362 39

626 385 837 394 ..α’-ὴ

172 489 364 580 τούλάχιστον
390 498 507 575 proca<
529 491 668 578 ὑπάρχειν
697 541 832 571 .......
865 504 978 578 τριῑντον
1005 496 1057 578 μὲν
1082 501 1135 558 τοῦ
1162 491 1289 580 ἤθους,

172 597 208 667 οὗ
230 599 317 666 ἕνεκα
339 597 360 688 ἡ
383 602 515 674 σι’)νθεσις
537 605 693 686 γεγένηται,
717 598 815 664 ἔπειτα
836 602 954 677 τοοτων,
987 597 1023 672 ἐξ
1046 596 1092 664 ὧν
1114 602 1288 674 σιἰνθεσις.

171 709 264 786 Quod
287 708 328 773 ad
350 706 430 794 ἦθος
452 710 577 786 attinet,
611 708 748 772 occurrit
778 707 831 772 hic
862 707 952 772 uobis
982 728 1082 794 genus
1115 707 1288 786 metricum,

171 815 259 900 quod
290 837 363 880 cum
394 816 524 880 omnino
556 815 590 879 in
617 813 781 899 tragoedia
804 815 982 899 alienigena
1005 817 1037 878 et
1060 816 1227 880 externum
1248 816 1291 880 sit

170 922 363 1002 habendum,
396 926 466 988 tum
493 922 646 1008 gravitati
668 922 784 994 πάθαις
807 919 973 1005 Aeschylei
996 921 1112 985 mirum
1133 924 1290 1004 quantum

173 1029 336 1095 discordet.
383 1028 466 1095 Nam
494 1052 566 1095 cum
600 1029 719 1094 formas
746 1034 854 1114 τρόπου
877 1029 1079 1093 διασταλτιιιοῦ
1106 1049 1130 1095 s.
1152 1037 1289 1112 τραγικοῦ

172 1159 294 1202 summa
318 1159 389 1202 cum
411 1137 595 1222 integritate
618 1158 741 1220 semper
762 1138 914 1201 servasset
936 1157 1038 1219 neque
1057 1155 1197 1219 unquam
1212 1135 1289 1219 quid

174 1243 301 1309 aliunde
323 1244 418 1308 alieni
441 1243 631 1308 carminibus
650 1243 845 1320 vindicasset,
869 1243 904 1306 in
919 1242 979 1308 hac
993 1241 1102 1307 fabula
1115 1241 1290 1327 Aeschylus

172 1352 212 1417 ad
234 1351 382 1436 strophas
404 1350 619 1435 episynthetas
641 1355 746 1435 τρόποι
765 1345 964 1437 ἡσοχαστοιοῦ
988 1349 1035 1414 bis
1059 1348 1226 1426 descendit,
1251 1371 1290 1413 ex

173 1483 309 1545 quarum
342 1463 532 1545 argumento
565 1462 597 1523 et
625 1458 732 1523 indole
755 1456 890 1542 perbene
913 1457 1124 1543 cognoscitur,
1157 1457 1191 1521 in
1222 1459 1290 1522 tra·

172 1567 286 1654 goedia
299 1570 485 1652 regnantem
507 1571 613 1650 τρόπον
625 1571 762 1649 τραγικόν
784 1565 945 1649 paulisper
958 1564 1081 1630 cessisse
1103 1560 1291 1651 ἡσιχσστιιιῷ

172 1673 345 1758 lyricorum
368 1673 423 1756 qui
446 1672 596 1739 dicuntur
618 1672 828 1739 Doriensium
874 1671 986 1756 Neque
1012 1672 1081 1738 fieri
1108 1675 1220 1756 potest,
1253 1677 1291 1737 ut

173 1782 232 1846 has
262 1781 417 1866 strophas,
451 1772 565 1864 quibus
596 1780 706 1844 insunt
736 1777 883 1866 ἠρεμόιης
910 1784 1008 1865 ψυχῆς
1035 1781 1088 1842 aar
1114 1783 1292 1865 κατάστημα

175 1885 336 1972 ἐλευθέριόν
362 1909 392 1950 τε
419 1890 471 1951 καὶ
498 1884 649 1973 εἰρηνικόν,
680 1886 743 1950 suis
775 1887 851 1951 locis
883 1886 1002 1970 positas
1034 1906 1098 1950 esse
1129 1907 1289 1970 negemus,

175 2017 245 2060 cum
267 1995 379 2079 prima,
413 2015 476 2077 qne
499 1993 700 2078 praedicatur
722 1990 843 2071 beatus,
877 1992 932 2076 qui
955 2012 1056 2076 neque
1080 1987 1163 2064 ὁσίας
1185 1992 1291 2064 θοίνας

172 2099 370 2187 neglegendo
394 2123 496 2185 neque
519 2100 620 2166 verbis
643 2100 802 2184 peccando
818 2100 917 2164 vitam
941 2097 971 2163 ἐν
985 2109 1091 2186 φαναῖς
1104 2095 1290 2186 εὖρροσὺναις

172 2209 270 2294 degit,
304 2229 401 2290 quam
430 2207 641 2273 efficacissime
665 2206 854 2285 Promethei,
888 2228 969 2290 quae
1000 2206 1129 2272 modum
1160 2205 1289 2284 excedit,

172 2317 239 2382 irae
261 2315 407 2400 opposita
430 2318 538 2393 exstet,
568 2315 669 2380 altera
691 2315 830 2398 coniugii
852 2313 984 2378 ineundi
1006 2335 1133 2379 normas
1156 2313 1290 2380 morales

173 2421 313 2488 docendo
345 2421 493 2488 fortunae
526 2442 561 2486 ac
592 2421 672 2486 sorti
694 2419 747 2484 lus
770 2420 819 2484 vel
842 2420 978 2485 maxime
1001 2421 1161 2485 contraria
1185 2421 1290 2506 posita

173 2530 224 2595 sit
273 2528 424 2595 Attamen
456 2526 630 2609 Aeschylus
662 2547 816 2610 nusquam
850 2526 1030 2592 huiusmodi
1061 2527 1218 2610 strophas,
1251 2549 1290 2591 ex

172 2635 287 2721 quibus
319 2637 441 2700 animus
473 2636 507 2699 in
539 2633 740 2699 contentione
767 2634 890 2720 tragica
913 2634 1086 2717 requietem
1117 2636 1150 2698 et
1180 2655 1290 2718 pacem

173 2746 309 2828 caperet,
334 2741 483 2821 condidit,
506 2743 603 2806 immo
620 2741 660 2805 ab
674 2763 711 2806 eo
725 2740 907 2820 abhorrent,
925 2743 1081 2825 quantum
1096 2741 1234 2806 immane
1253 2777 1287 2786 —
1311 2793 1313 2798 .

173 2852 267 2916 liceat
290 2851 368 2915 mihi
391 2851 468 2914 haec
495 2848 589 2915 verba
612 2849 857 2934 comparationis
888 2871 981 2914 causa
1009 2850 1050 2914 ab
1077 2847 1213 2914 Horatio
1241 2871 1291 2913 re-

173 2963 281 3044 petere
307 2993 351 3005 -
378 2958 453 3022 vino
486 2965 518 3021 et
549 2957 685 3023 lucernis
716 2956 827 3021 Medus
850 2957 992 3023 acinaces
1015 2956 1177 3040 discrepet.
1222 2956 1292 3032 Qua

174 3066 271 3154 ἤθους
302 3065 440 3150 permira
470 3065 668 3152 neglectiore
698 3063 832 3149 insignis
863 3066 941 3128 nota
972 3062 1063 3127 nobis
1099 3067 1213 3147 parata
1246 3066 1293 3127 est

176 3179 271 3258 atque
304 3195 386 3251 vera,
419 3194 484 3256 qua
515 3173 554 3240 de
584 3172 706 3257 origine
738 3170 853 3235 harum
883 3171 1090 3254 stropharum
1117 3169 1292 3254 Aeschyleo

177 3279 320 3346 dubitare
342 3277 514 3347 iubeamur.
560 3278 655 3344 Guius
687 3299 760 3343 usus
792 3278 971 3362 exemplum
1002 3299 1068 3342 non
1096 3280 1164 3342 tam
1191 3299 1210 3342 a
1233 3277 1291 3343 So·

176 3388 289 3473 phocle
311 3387 459 3472 repetiuit
482 3390 584 3470 poeta,
610 3408 705 3470 qnam
729 3385 769 3449 ab
788 3384 950 3469 Euripide,
975 3406 1109 3469 quocum
1132 3383 1166 3448 id
1188 3384 1291 3468 ipsum

176 3516 341 3561 commune
365 3493 470 3572 habet,
494 3494 579 3578 quod
601 3495 675 3559 illae
697 3493 856 3577 strophae,
880 3514 944 3576 qua
964 3495 1038 3557 sunt
1052 3491 1160 3557 indole
1173 3491 1291 3574 quieta,

176 3603 287 3668 ceteris
308 3601 514 3685 stropharum
536 3600 665 3686 paribus
688 3600 948 3684 praemittuntur,
977 3620 1071 3683 quem
1094 3597 1222 3680 quidem
1244 3599 1292 3663 lo·
1327 3639 1329 3644 .

177 3733 250 3776 eum
282 3709 457 3793 Aeschylus
486 3709 654 3774 trochaicis
686 3707 854 3773 concedere
886 3707 1015 3772 solebat.
1062 3704 1173 3789 Neque
1195 3704 1227 3770 id
1251 3707 1293 3771 si·

177 3818 277 3883 lentio
313 3816 590 3900 praetermiserim,
627 3815 712 3899 quod
748 3814 811 3878 duo
848 3812 1029 3878 huiusmodi
1059 3813 1211 3896 strophae
1242 3814 1293 3878 in·

178 3925 360 4004 veniuntur,
393 3945 465 3989 oum
492 3921 608 3988 fabulis
631 3921 809 4006 Euripideis
836 3925 964 4005 praeter
985 3919 1127 3985 Medeam
1150 3921 1294 4006 singulae

179 4033 244 4098 sint
266 4030 414 4098 tributae.
461 4031 509 4095 Ex
538 4031 599 4096 hac
627 4030 712 4094 euim
743 4051 777 4094 re
808 4029 876 4094 iure
903 4028 1052 4113 colligere
1074 4027 1153 4092 mihi
1175 4027 1293 4108 videor,

181 4138 371 4204 Prometheo
391 4137 585 4204 incunabula
606 4142 711 4221 τρόπω
734 4133 932 4223 ήσοχαστοιοῦ
960 4136 994 4200 iu
1016 4135 1181 4221 tragoedia
1204 4156 1295 4200 usur·

182 4246 250 4330 pati
281 4266 344 4310 non
378 4244 616 4328 repraesentari.
664 4242 724 4309 sed
755 4243 937 4308 accedamus
968 4265 1053 4307 nunc
1083 4243 1124 4307 ad
1154 4243 1295 4328 singulos

182 4349 271 4426 ὲέὧν
289 4354 421 4425 σὀνθεσις
443 4373 549 4418 versus
563 4349 782 4417 enucleandos.
819 4348 1014 4434 Compositio
1029 4349 1193 4434 utriusque
1214 4353 1296 4414 stro-
