3134 4998
791 338 812 401 2

242 531 387 598 editionis
410 531 435 600 l.
459 555 490 615 p.
505 531 651 600 XLVIII.
689 530 840 596 Claustris
863 533 906 598 sic
930 534 1073 599 reseratis
1096 537 1129 598 et
1151 534 1201 598 via
1224 534 1263 598 ad
1287 537 1354 600 tra·

241 640 382 726 gicornm
423 638 620 724 singulorum
661 645 761 703 artem
803 641 966 704 metricam
1003 644 1086 706 recte
1122 639 1354 706 diiudicandam

241 746 365 812 mnnita
397 749 507 830 postea
539 745 603 823 alii,
638 767 718 830 qnae
746 745 779 808 in
804 744 991 811 Prometheo
1019 747 1354 832 areliquo'Aeschyli

241 875 327 918 more
349 851 452 918 aliena
474 853 671 930 invenerant,
695 853 819 937 scriptis
835 853 1038 919 mandarunt.
1076 854 1115 919 R.
1131 854 1354 919 Foersterns

241 961 366 1044 quidem
405 963 498 1025 acuta
534 959 572 1024 de
609 960 809 1026 attractionis
841 982 901 1024 usn
932 959 1106 1042 Aeschyleo
1138 961 1355 1026 dissertatione

241 1065 425 1150 (Vrntislav.
452 1065 551 1149 1866)
575 1089 613 1131 ex
635 1066 833 1150 pronominis
856 1065 980 1130 relativi
1003 1067 1193 1132 attractione
1215 1067 1354 1152 collegit,

241 1172 382 1238 fabulam
406 1157 537 1236 manum
559 1175 723 1256 expertam
754 1194 818 1236 esse
847 1177 958 1257 poetae
981 1173 1111 1237 minoris
1142 1174 1353 1251 retractantis,

241 1301 333 1364 quem
368 1278 605 1363 Euphorionem
637 1279 787 1365 Aeschyli
822 1265 924 1344 lilium
954 1279 1144 1366 significavit
1176 1279 1202 1344 Ι.
1236 1279 1353 1344 Ober-

242 1385 402 1464 diclrins,
439 1407 510 1450 cum
542 1386 654 1451 studiis
685 1385 869 1472 Aeschyleis
900 1390 970 1452 tum
1001 1386 1127 1451 scholiis
1157 1386 1353 1473 sagacissime

239 1493 468 1579 investigandis
490 1493 538 1557 vir
561 1493 760 1560 clarissimus.
800 1492 861 1557 Sed
883 1493 1183 1577 praetermittemus,
1207 1514 1354 1577 quaeres

239 1597 462 1686 grammaticas
494 1600 692 1684 respicientes
723 1599 806 1665 docti
838 1600 877 1667 de
899 1600 1087 1666 Prometheo
1119 1599 1353 1679 adnotaverint,

174 1747 177 1754 »
241 1729 313 1772 cnm
335 1729 372 1772 ea
393 1709 531 1786 tantum,
554 1728 635 1789 quae
659 1707 697 1772 de
720 1706 849 1772 metrica
871 1707 965 1772 huius
988 1707 1115 1772 fabulae
1128 1706 1353 1791 compositione

136 1847 139 1852 ·
239 1833 339 1898 usque
369 1813 408 1880 ad
433 1813 515 1878 hanc
545 1816 682 1879 sentem
714 1815 813 1879 allata
843 1815 917 1891 sint,
951 1817 1106 1898 qnantum
1139 1814 1207 1879 fieri
1239 1816 1352 1898 potest,

113 1927 118 1938 '
240 1921 388 2005 colligere
409 1919 602 2003 collectaque
625 1941 783 1985 recensere
805 1921 1020 2004 recensitaque
1042 1921 1171 1986 adiectis
1193 1922 1240 1999 iis,
1273 1942 1354 2006 qnae

241 2051 279 2094 ex
302 2049 386 2092 nova
412 2017 612 2092 et'accurata
644 2027 826 2110 quaestione
858 2027 1120 2105 redundaverant,
1153 2027 1214 2092 hoc
1245 2026 1353 2092 libello

241 2133 406 2218 complecti
436 2134 527 2198 nobis
558 2134 822 2217 proposuerimus.
879 2130 989 2218 Neque
1021 2134 1187 2217 quisquam
1219 2155 1256 2198 eo
1288 2155 1355 2198 rem

241 2241 426 2327 perductam
448 2241 619 2325 putaverit,
648 2244 685 2304 ut
707 2245 777 2306 tota
800 2241 839 2305 de
861 2241 1086 2324 compositione
1108 2241 1239 2306 metrica
1261 2241 1355 2306 huius

240 2348 368 2414 fabulae
400 2347 542 2432 quaestio
573 2348 742 2434 profligata
772 2347 868 2432 plane
899 2353 996 2431 atque
1027 2370 1154 2414 excussa
1185 2348 1353 2428 videretur,

241 2457 339 2521 immo
362 2456 537 2542 permultas
559 2475 607 2520 res
628 2455 826 2534 desiderabit,
851 2478 932 2539 qnae
950 2456 1067 2540 partim
1081 2455 1226 2521 consulto
1240 2455 1355 2520 omissa

240 2565 324 2643 sunt,
356 2563 473 2647 partim
504 2585 554 2627 me
585 2562 747 2648 fugerunt,
781 2563 922 2646 aliasque
944 2562 994 2628 vel
1021 2562 1145 2628 brevius
1167 2563 1217 2627 vel
1240 2563 1354 2628 rectius

242 2671 341 2736 dictas
363 2670 458 2736 volet.
495 2670 695 2753 Quamquam
716 2670 742 2733 si
765 2691 811 2747 ea,
835 2691 917 2752 qnae
939 2670 1079 2749 afferam,
1104 2669 1242 2756 Augusti
1258 2669 1354 2735 Ros-

242 2777 344 2856 bachi,
369 2777 481 2841 erbItri
503 2797 609 2841 rernm
632 2777 833 2841 metricamm
855 2777 1066 2857 illustrissimi,
1098 2778 1153 2861 qni
1175 2779 1210 2842 in
1232 2778 1292 2842 hoc
1314 2775 1354 2840 li-

242 2884 325 2950 bello
347 2883 571 2949 conscribendo
590 2883 755 2948 consilium
774 2885 896 2968 petenti
913 2905 1036 2948 summa
1050 2906 1121 2950 cum
1135 2883 1354 2949 benevolentia

242 2991 360 3070 aderat,
384 2977 675 3074 comprobationem
699 2994 839 3056 assecrda
862 2993 966 3069 erunt,
989 3012 1187 3079 summopere
1200 2989 1354 3076 gaudebo.

308 3115 478 3197 Poetarum
493 3117 580 3180 locos
594 3116 837 3181 commemoravi
846 3116 1015 3182 secundnm
1026 3115 1169 3180 Dindorii
1184 3114 1353 3180 editionem

242 3223 390 3310 Aeschyli
412 3223 648 3309 tragoediarum
679 3223 776 3308 (Lips.
802 3224 916 3308 1880),
949 3223 1086 3288 eiusdem
1108 3222 1354 3307 Sophoclearum

242 3329 338 3416 (Lips.
370 3330 482 3414 1850),
520 3329 646 3395 Naucki
676 3327 919 3414 Euripidearnm
957 3327 1054 3414 (hips.
1084 3330 1196 3412 1881),
1234 3328 1353 3415 Bergki

243 3437 467 3524 Aristophanis
490 3438 721 3504 comoediarum
746 3437 842 3524 (lips.
867 3437 977 3522 1878).
