3134 4998
635 1197 829 1298 Index
869 1196 1099 1296 libelli.

799 1483 901 1547 caput
917 1484 939 1534 1.

670 1571 715 1626 De
738 1571 888 1626 diverbii
912 1571 1070 1627 senariis.

314 1696 398 1750 segm.
419 1681 441 1734 1.
473 1679 514 1734 De
532 1679 646 1750 pedibus
665 1677 764 1734 solutis
770 1719 1332 1735 ................................
1360 1696 1390 1748 p.
1426 1678 1443 1730 3

351 1787 363 1817 ε
415 1769 440 1824 2.
472 1768 513 1823 De
532 1767 648 1822 senariis
667 1785 700 1822 cx
719 1767 795 1838 puris
813 1767 913 1822 iambis
931 1767 1091 1838 compositis
1108 1809 1334 1824 .............
1369 1785 1384 1814 =
1409 1766 1442 1820 12

350 1877 363 1907 ε
414 1862 440 1915 3.
471 1858 513 1913 De
531 1873 645 1912 caesura
664 1897 1332 1915 ......................................
1369 1876 1384 1905 =
1409 1857 1442 1910 13

350 1967 362 1997 =
413 1950 439 2003 4.
471 1949 512 2003 De
530 1947 601 2002 sexti
618 1948 696 2017 pedis
714 1966 731 2003 a
750 1948 847 2004 ceteris
865 1947 1041 2020 separatione
1055 1987 1334 2004 ................
1369 1966 1384 1995 =
1408 1947 1441 2001 13

471 2038 511 2091 Dc
531 2036 626 2091 meeis
644 2036 739 2106 lyricis
758 2037 832 2092 inter
848 2037 992 2092 trimetros
1011 2036 1107 2092 mixtio
1368 2055 1384 2085 ε
1409 2036 1441 2090 15

471 2127 512 2180 Dc
530 2121 676 2192 ἀντιλαβαῖς
682 2165 1332 2183 .....................................
1368 2145 1383 2174 =
1408 2125 1440 2179 15

471 2216 511 2269 De
530 2215 612 2270 choro
631 2215 747 2269 duorum
766 2217 889 2269 actorum
909 2214 1041 2284 colloquii
1059 2215 1196 2286 participe
1214 2255 1332 2272 .......
1368 2234 1383 2263 =
1409 2213 1440 2268 16

471 2303 512 2358 De
525 2303 642 2370 ratione,
656 2321 727 2373 quae
741 2303 889 2359 intercedit
902 2303 976 2358 inter
990 2303 1066 2358 chori
1081 2302 1204 2360 senarios
1219 2305 1336 2374 eiusque

524 2395 618 2463 partes
637 2393 751 2448 melicae
770 2433 1330 2450 ................................
1367 2413 1381 2442 =
1407 2392 1439 2447 16

793 2520 895 2583 caput
912 2521 949 2570 11.

312 2607 358 2662 De
380 2607 580 2677 systematis
603 2607 837 2677 anapaesticis
862 2648 1328 2664 ...........................
1366 2626 1381 2656 =
1405 2608 1436 2660 17

785 2733 888 2797 Caput
905 2735 956 2784 111.

676 2821 721 2876 De
743 2821 900 2892 pertibus
923 2821 1064 2878 melicis.

312 2930 353 2985 De
372 2931 485 3000 stropha
504 2949 530 2985 v.
548 2930 600 2984 415
610 2970 1328 2986 .........................................
1363 2949 1377 2978 =
1399 2928 1434 2981 24

313 3020 354 3075 De
372 3021 487 3090 strophe
505 3037 530 3074 v.
551 3020 609 3083 159,
629 3020 717 3089 epodo
734 3037 760 3074 v.
780 3019 830 3074 901
842 3060 1186 3076 ....................
1193 3069 1195 3073 .
1197 3059 1328 3076 ........
1361 3038 1376 3068 ε
1398 3017 1433 3072 26

313 3109 354 3164 De
372 3110 418 3163 lus
436 3108 567 3166 monodia
586 3126 610 3164 v.
630 3109 690 3176 666,
708 3109 743 3164 de
762 3109 838 3164 chori
856 3108 979 3164 carmine
997 3126 1022 3162 v.
1042 3109 1093 3162 687
1109 3150 1329 3166 .............
1360 3128 1374 3160 =
1397 3108 1431 3162 29

314 3197 736 3266 mmmaffimw
756 3238 1329 3255 .................................
1360 3195 1432 3250 τῶ

317 3287 358 3342 De
376 3287 492 3357 stropha
510 3305 537 3341 v.
555 3287 615 3353 545,
634 3287 721 3358 epodo
739 3305 765 3342 v.
783 3289 836 3341 425
861 3327 1329 3344 ...........................
1360 3307 1374 3335 ε
1396 3286 1430 3340 36

318 3374 498 3445 Destrophis
516 3393 543 3428 v.
563 3376 622 3430 526.
641 3377 670 3429 et
689 3376 1328 3432 887
1359 3395 1373 3422 =
1395 3371 1429 3426 38

784 3504 885 3566 Caput
902 3504 952 3552 lv.

299 3593 358 3677 'De
381 3591 549 3648 dramatis
572 3591 765 3646 oeconomia
772 3633 1329 3648 ................................
1359 3610 1372 3638 ε
1393 3588 1425 3642 41
