3134 4998
696 179 800 266 '15

118 470 121 480 .
169 419 276 480 cetera
291 411 392 480 verba
404 431 469 476 non
486 415 572 493 apto,
588 409 750 475 levissima
765 406 944 473 mutatione
960 407 1089 489 scripsit
1105 405 1221 489 arduom
1238 417 1337 493 atque
1351 413 1385 476 in

169 515 304 581 eandem
318 513 549 580 correctionem
565 514 686 596 quippe
702 510 887 576 facillimam
902 515 1016 594 postea
1031 510 1212 578 inciderunt
1228 513 1384 580 Cantabr.

171 624 197 684 l.
223 623 252 684 2.
298 616 380 685 Ven.
403 622 433 681 2.
477 615 574 684 Vind.
598 619 634 694 33
658 615 756 680 ceteri
779 610 890 679 πόνων
913 634 951 678 ex
974 612 1043 677 cod.
1063 613 1107 678 A.
1128 624 1327 699 receperunt.
1342 655 1385 666 -

254 719 316 784 His
341 719 441 802 igitur
473 719 627 800 expositis
654 719 762 784 nescio
793 739 835 781 an
864 715 1016 781 contendi
1043 717 1147 800 possit
1175 740 1247 783 cum
1275 720 1385 804 aliqua

75 854 79 859 -
168 823 410 907 probabilitate,
434 821 558 886 codices
581 840 663 884 rece.
686 842 750 901 non
773 841 793 884 a
814 819 961 884 Mediceo
982 818 1041 883 sed
1063 839 1082 884 a
1105 819 1187 886 libro
1210 824 1384 888 vestutiore

172 927 281 1009 aliquo
305 931 337 990 et
358 923 489 989 meliore
512 943 581 988 esse
604 922 774 988 derivatos.
818 921 902 987 Sunt
924 914 1031 986 autem
1044 922 1148 988 multa
1164 923 1229 988 alia
1244 926 1386 991 eiusdem

170 1028 297 1113 generis
321 1027 468 1111 exempla
488 1029 520 1092 in
545 1025 749 1107 Prometheo,
772 1024 892 1104 Persis,
915 1022 1047 1108 Septem
1069 1024 1222 1092 adversus
1246 1027 1386 1113 Thebas,

171 1153 273 1215 quae,
296 1137 332 1197 ut
354 1129 535 1196 accuratius
558 1149 609 1192 res
631 1127 821 1207 illustretur,
845 1125 995 1210 deinceps
1018 1125 1160 1194 afferam.

260 1234 387 1300 Prom.
421 1236 467 1298 42
494 1231 595 1296 babet
621 1229 707 1295 Med.
731 1250 804 1294 cum
832 1228 920 1292 aliis:
953 1224 1019 1293 aiei
1039 1253 1075 1296 re
1097 1228 1135 1319 δὴ
1158 1230 1250 1321 νηλὴς
1271 1231 1310 1299 σὺ
1333 1233 1389 1300 καὶ

172 1334 316 1424 dodonec
347 1333 470 1415 πλέως,
494 1333 757 1400 Vindobonensis
781 1336 798 1394 3
822 1330 991 1397 lectionem
1015 1329 1079 1398 αἰεί
1105 1357 1139 1419 γε
1165 1334 1205 1424 δὴ
1232 1335 1324 1426 νηλὴς
1351 1344 1388 1405 ut

172 1440 405 1526 praestabilem
424 1439 607 1504 Porsonum
631 1437 733 1502 secuti
747 1443 939 1518 receperunt
961 1437 1100 1502 editores
1121 1444 1251 1522 praeter
1267 1441 1388 1507 Kirch·

172 1542 316 1610 boillum.
361 1539 508 1607 Offendit
535 1540 619 1604 enim
649 1539 767 1605 codicis
793 1537 931 1604 Medicei
953 1538 1063 1621 lectio,
1093 1541 1232 1624 primum
1255 1545 1331 1628 quia
1353 1569 1389 1610 τε

173 1646 366 1732 particulam
387 1650 461 1728 post
483 1640 575 1731 νηλὴς
595 1643 703 1726 potius
726 1642 919 1708 adieetivum
934 1663 1031 1725 quam
1046 1647 1120 1725 post
1135 1638 1184 1709 ἀεὶ
1199 1646 1388 1715 adverbium

171 1750 312 1834 positam
335 1750 566 1830 exspectamus.
611 1744 752 1825 Deinde,
780 1744 837 1810 ubi
865 1743 929 1809 duo
953 1744 1112 1810 vocabula
1132 1768 1191 1830 per
1211 1773 1247 1814 τε
1268 1789 1310 1800 -
1331 1748 1389 1818 καί

173 1853 421 1935 coniunguntur,
446 1853 654 1933 opponuntur
674 1853 711 1912 ut
734 1846 781 1911 ita
804 1847 909 1912 dicam
929 1848 1014 1912 inter
1035 1868 1069 1912 se
1091 1855 1124 1914 et
1145 1856 1317 1936 utrumque
1330 1878 1389 1940 per

172 1977 205 2020 se
234 1953 442 2036 intelligitur;
475 1950 699 2035 quamobrem,
730 1969 801 2014 eum
822 1950 855 2014 in
877 1950 940 2016 boo
961 1971 1056 2015 versu
1080 1950 1173 2041 νηλής
1194 1961 1225 2020 et
1246 1956 1389 2043 θράσους

174 2054 282 2131 πλέως
310 2063 401 2120 arcto
429 2054 571 2138 quodam
593 2053 720 2118 vinculo
741 2052 854 2117 iuncta
873 2053 939 2117 sint
960 2059 993 2117 et
1013 2075 1111 2119 unam
1132 2058 1226 2138 quasi
1247 2060 1389 2129 efficiant

172 2161 336 2225 notionem
358 2157 459 2224 multo
481 2157 594 2223 melius
617 2155 673 2221 uni
695 2151 751 2219 καί
773 2177 871 2239 quam
894 2155 1020 2221 duabus
1042 2156 1200 2224 τε-καί
1220 2163 1389 2244 particulis

173 2270 223 2328 est
252 2263 351 2328 loeus.
397 2260 490 2345 Quae
523 2281 595 2325 oum
626 2260 674 2324 ita
704 2259 784 2338 sint,
816 2258 897 2322 illud
932 2280 966 2342 γε
988 2259 1108 2326 codicis
1131 2262 1245 2346 Vind.,
1277 2267 1342 2331 sive
1371 2290 1387 2333 e

175 2367 359 2432 coniectura
389 2369 437 2430 est
465 2363 621 2445 scriptum
649 2362 714 2426 sive
745 2380 784 2425 ex
811 2360 945 2443 antiquo
974 2360 1059 2427 libro
1082 2371 1263 2449 sumptum,
1294 2389 1389 2451 prae-

174 2468 342 2535 ferendum
365 2487 434 2530 esse
454 2464 591 2529 Medicei
613 2462 743 2528 lectioni
765 2467 858 2527 const
881 2469 904 2528 t.

259 2571 333 2637 Iam
363 2589 438 2634 vero
468 2566 578 2632 allatis
607 2571 788 2630 ceterorum
820 2565 912 2631 codd.
945 2567 1042 2632 variis
1074 2566 1279 2652 lectionibuS,
1310 2573 1388 2657 quid

174 2675 327 2740 fueritin
350 2671 526 2755 archetypo
549 2689 741 2753 cognoscere
762 2668 847 2733 licet.

257 2777 391 2842 Habent
424 2768 488 2838 αἰεί
518 2794 570 2836 τοι
600 2770 692 2860 νηλὴς
724 2771 765 2838 G.
799 2764 864 2836 αἰεί
896 2794 947 2836 τοι
976 2770 1015 2859 δὴ
1050 2770 1142 2859 νηλὴς
1169 2774 1261 2858 Lips.
1297 2777 1384 2862 Aug.

174 2874 239 2944 αἰεί
274 2903 307 2944 τι
343 2876 381 2966 δὴ
418 2874 508 2963 νηλὴς
537 2875 593 2940 alii
629 2876 724 2962 (quos
761 2895 826 2939 nou
863 2874 1006 2958 singulos
1043 2883 1272 2944 commemorat
1304 2881 1389 2946 Her-

174 2984 335 3068 mannus).
380 2979 454 3064 Qua
481 3001 520 3045 ex
552 2978 773 3061 discrepantia
798 2976 954 3043 librorum
986 2977 1063 3061 quid
1096 2979 1246 3046 habuerit
1276 2985 1388 3049 arche-

173 3091 279 3170 typus,
296 3083 447 3150 facillime
462 3087 570 3166 potest
580 3080 658 3145 erui.
691 3079 846 3146 (lodicum
863 3081 947 3146 enim
963 3079 1004 3147 G.
1020 3081 1111 3164 Lips.
1129 3081 1215 3167 Aug.
1233 3084 1388 3152 lectiones

176 3189 260 3252 inter
282 3207 316 3250 sc
339 3190 545 3269 comparatae
569 3183 753 3265 ostendunt,
776 3183 809 3247 in
833 3203 871 3248 eo
893 3183 985 3263 libro,
1008 3184 1094 3249 unde
1117 3186 1179 3269 ipsi
1201 3197 1385 3273 manarunt,

175 3292 330 3374 scriptum
364 3288 461 3353 fuisse
494 3283 557 3351 αὶεὶ
591 3285 629 3374 δὴ
657 3286 763 3373 apide,
795 3285 908 3351 addito
942 3308 1040 3370 supra
1070 3287 1188 3353 lineam
1220 3291 1261 3356 ab
1291 3292 1389 3358 inter·

175 3394 323 3477 polatore
351 3390 552 3474 ineptissime
579 3412 639 3453 τοι.
684 3390 724 3454 In
754 3388 795 3456 G.
824 3395 894 3454 tum
920 3411 970 3453 τοι
997 3411 1056 3473 pro
1085 3388 1125 3478 δὴ
1152 3392 1388 3478 scriptumest,

176 3497 271 3580 Lips..
295 3493 381 3577 Aug.
408 3516 459 3557 τοι
493 3499 569 3558 ante
603 3491 642 3580 δὴ
673 3493 706 3556 in
734 3513 860 3557 versum
888 3499 1087 3576 receperunt.
1133 3493 1229 3560 Unde
1258 3492 1321 3561 αἰεὶ
1351 3497 1390 3586 δὴ

176 3596 269 3686 νηλὴς
298 3596 480 3662 exhibuisse
508 3597 719 3680 archetypum
749 3595 925 3660 certissime
951 3601 1059 3678 potest
1081 3596 1238 3662 concludi.
1282 3599 1389 3665 Inter·

176 3701 301 3785 pulavit
321 3699 473 3766 librarius
488 3699 656 3764 Medioeus
677 3721 712 3762 re
733 3698 929 3782 particulam
949 3705 1024 3782 post
1046 3693 1109 3763 aiei
1129 3703 1166 3764 ut
1186 3701 1389 3768 satisfaceret

177 3809 292 3886 metro,
313 3803 473 3886 integram
495 3801 661 3886 archetypi
683 3802 853 3867 lectionem
875 3801 1010 3867 retinuit
1029 3801 1098 3866 cod.
1113 3801 1157 3867 A.
1174 3824 1258 3886 quae
1273 3797 1389 3871 deinde

179 3907 220 3973 ab
245 3906 392 3972 omnibus
414 3927 497 3972 rece.
519 3905 671 3970 librarius
692 3905 817 3969 varium
839 3905 871 3969 in
893 3905 1024 3972 modum
1047 3911 1097 3970 est
1118 3906 1324 3991 interpolata.

264 4010 390 4075 Prom.
416 4013 487 4072 173
511 4007 551 4073 sf.
574 4007 694 4092 legitur
714 4009 748 4072 in
772 4007 857 4074 Med.
882 4006 974 4073 Oolb.
1000 4013 1027 4072 1.
1072 4008 1149 4072 Par.
1172 4007 1228 4076 L.:

463 4108 520 4177 καί
541 4106 573 4194 μ’
598 4105 686 4176 odem
706 4107 935 4195 μελιγλώσσοις
956 4114 1096 4186 πειθοῦς

463 4212 671 4281 ἐπαοιδαῖσιν
692 4212 811 4296 θέλξει,
834 4211 962 4301 στερεάς
982 4209 1009 4278 τ’

464 4312 577 4384 oiirroc'
601 4314 741 4394 ἀπειλὰς
763 4313 889 4406 πτήξας
909 4312 980 4384 rdd'
1004 4313 1067 4403 ἐγὼ

464 4420 689 4510 καταμῃνῦσω·
