3134 4998
696 213 897 322 „ji-J-

187 422 244 492 καί
270 421 302 511 μ’
331 421 403 492 odra
437 428 592 496 exhibent
623 429 713 514 Lips.
743 434 772 496 2.
802 429 889 514 Aug.
919 437 953 498 et
979 431 1139 516 plerique;
1175 425 1283 496 καίτοι
1309 423 1342 514 μ’
1367 423 1404 496 οὐ
1452 497 1458 510 ,

188 529 231 597 G.
261 535 294 596 et
318 530 383 596 duo
406 529 505 598 Vind.
528 531 692 601 Vitiosum
719 537 769 596 est
797 539 830 598 et
852 529 908 600 καί
938 527 970 618 μ’
994 527 1084 600 οὗτοι
1112 540 1145 600 et
1166 529 1274 600 καίτοι
1300 527 1332 618 μ’
1355 527 1404 615 οὐ,

187 634 277 716 quia,
305 654 377 698 cum
404 633 442 718 yl.
463 634 551 718 apud
572 634 714 718 tragicos
737 656 866 720 quoqne
890 635 1008 704 efficiat
1029 637 1236 722 positionem,
1265 637 1403 702 creticus

187 735 325 801 infertur
347 738 487 802 numeris
510 738 735 821 anapaesticis.
781 737 913 822 Optime
935 739 1036 823 igitur
1055 761 1117 824 pro
1133 735 1222 806 cibor
1237 739 1402 804 Porsonus

188 839 317 924 scripsit
339 834 429 918 oliam
452 861 528 906 nam
552 841 691 926 „opponi
712 841 798 908 inter
817 863 854 931 sq
867 841 1029 908 debebant
1051 843 1110 930 (sc.
1126 865 1184 927 per
1199 837 1272 908 odra
1287 879 1329 890 -
1343 841 1402 928 re),

186 947 224 1008 ut
253 942 436 1009 Hermanni
466 943 572 1010 verbis
602 949 694 1026 utar,
726 964 837 1028 preces
866 950 899 1009 et
930 945 1068 1010 minae“.
1119 945 1199 1011 Fuit
1230 949 1339 1011 autem
1369 945 1402 1010 in

186 1044 363 1131 archetypo
385 1040 442 1110 καί
462 1039 495 1129 μ’
519 1039 555 1110 οὗ
577 1043 807 1132 μελιγλώσσοις
829 1051 889 1113 eto.
917 1047 1036 1112 omissa
1062 1069 1129 1114 una
1150 1047 1274 1132 syllaba
1296 1048 1400 1128 brevi3

125 1203 128 1208 .
187 1170 285 1233 qnam
310 1148 462 1214 lacunam
487 1148 675 1214 stultissime
703 1149 843 1234 explevit
864 1150 1079 1234 interpolator
1101 1150 1143 1216 ad
1165 1145 1202 1216 αι’·
1225 1171 1325 1236 supra
1346 1150 1401 1216 ad·

186 1251 305 1336 scripto
333 1273 394 1317 τοι.
438 1251 555 1335 Itaque
581 1258 631 1318 est
655 1251 792 1328 factum,
821 1258 860 1317 ut
887 1252 944 1318 alii
965 1253 1144 1322 scriberent
1165 1249 1223 1320 καί
1241 1248 1275 1337 μ’
1299 1247 1398 1334 οὗτοι,

187 1353 244 1419 alii
271 1349 379 1420 καίτοι
406 1347 439 1436 μ’
470 1347 519 1420 od.
566 1354 774 1420 Emendandi
814 1354 952 1438 denique
991 1357 1086 1423 metri
1124 1377 1224 1424 eausa
1257 1356 1403 1422 nonnulli

187 1450 258 1522 oi‘m
287 1478 327 1522 ex
350 1450 439 1522 οὔτοι
461 1464 677 1524 correxerunt.
723 1457 790 1524 Sed
812 1459 964 1542 quoniam
986 1459 1198 1544 archetypum
1220 1459 1402 1528 exhibuisse

188 1559 292 1626 solum
323 1553 359 1625 οὐ
390 1561 596 1644 perspicuum
626 1567 690 1642 est,
724 1560 805 1627 nihil
834 1561 983 1646 impedit,
1015 1563 1184 1646 quominus
1210 1563 1402 1646 recipiamus

187 1662 326 1730 Porsoni
345 1663 612 1732 emendationem.

273 1765 336 1832 Pr.
359 1769 434 1832 479
457 1765 498 1832 ff.
521 1766 601 1833 dicit
621 1766 852 1834 Prometheus:

639 1863 739 1946 εἴτις
760 1866 793 1946 ἐς
814 1865 908 1936 νόσον
931 1866 1029 1936 πέσοι

409 1965 468 2036 oria
489 1961 526 2060 ἦν
548 1965 675 2060 ἀλέξημ’
699 1967 792 2040 οὐδὲν
813 1967 886 2038 ob'te
906 1970 1078 2060 βρώσιμον,

412 2068 447 2138 od
469 2071 607 2162 χριστόν,
630 2070 703 2140 οὔτε
725 2072 854 2157 πιστόν,
877 2070 959 2150 ἀλλὰ
980 2073 1159 2163 φαρμάκων

410 2174 500 2266 χρεία
521 2176 777 2246 κατεσκέλλαντο.

273 2278 326 2344 De
347 2281 455 2364 priore
477 2276 559 2364 oilae,
582 2303 778 2368 quamquam
799 2280 947 2348 nonnulli
968 2279 1104 2362 codices,
1127 2280 1161 2346 in
1183 2279 1299 2364 quibus
1315 2278 1402 2346 Med.

187 2381 311 2449 babent
332 2377 415 2467 οὐδὲ,
438 2385 528 2452 nulla
547 2393 656 2470 potest
677 2407 748 2454 esse
762 2385 939 2464 dubitati03
960 2385 1189 2468 magisantem
1206 2382 1405 2466 insequenti

188 2507 283 2552 versu
311 2487 387 2553 libri
417 2488 615 2574 discrepant;
644 2491 798 2556 exhibent
823 2489 908 2555 enim
936 2481 1010 2554 οὐδὲ
1038 2483 1158 2554 πιστόν
1184 2487 1270 2552 Med.
1299 2485 1341 2552 G.
1371 2490 1406 2552 et

188 2611 247 2674 pro
261 2590 351 2656 varia
364 2591 503 2659 lectione
516 2593 594 2660 Par.
607 2593 648 2658 B.
664 2587 700 2658 οὐ
717 2589 836 2659 πιστόν
848 2591 937 2677 Lips.
950 2591 1037 2674 Aug.
1048 2588 1141 2658 Oolb.
1156 2595 1184 2654 1.
1201 2587 1356 2654 Cantabr.
1374 2593 1404 2668 2,

190 2692 248 2758 sed
275 2693 309 2759 in
334 2693 426 2779 Lips.
452 2692 488 2760 δὲ
511 2701 561 2761 est
583 2696 847 2780 superscriptum,
869 2689 906 2760 αὖ
929 2689 1088 2760 ποτιστόν
1113 2691 1177 2760 Vit.
1201 2692 1278 2757 Par.
1301 2691 1341 2756 B.
1366 2689 1404 2755 O.

191 2794 369 2880 Quaeritur
395 2803 505 2864 utrum
532 2799 747 2883 praeferenda
775 2800 818 2863 sit
847 2798 965 2864 codicis
996 2796 1135 2862 Medicei
1164 2795 1275 2874 lectio,
1306 2815 1405 2876 quam

189 2899 323 2964 retinuit
337 2900 562 2968 Kirobboffius
583 2924 625 2966 an
642 2896 714 2968 odra
728 2901 931 2967 scribendum
946 2900 1034 2984 quod
1048 2897 1242 2964 Blomfieldo
1258 2898 1405 2965 debetur.

191 2999 330 3068 Constat
352 2999 427 3070 οὐδέ
448 3006 652 3088 particulam,
675 3005 732 3071 ubi
754 3026 827 3070 cum
849 3004 985 3086 singulis
999 3001 1165 3068 vocabulis
1180 3001 1404 3084 coniungatur,

189 3104 296 3169 valere
327 3108 609 3190 ne-quidem,
641 3109 692 3188 ut,
726 3108 755 3172 si
787 3102 860 3173 οὐδὲ
895 3103 1013 3172 πιστόν
1046 3104 1201 3188 scriptum
1233 3102 1331 3168 fuisse
1362 3102 1405 3166 ab

191 3207 355 3293 Aeschylo
388 3209 622 3293 indicaremus,
660 3211 852 3277 adiectivum
887 3207 1005 3283 πιστός
1038 3206 1230 3291 gradatione
1263 3205 1407 3290 quadam

191 3317 275 3376 esset
309 3310 496 3379 distinctum
529 3336 549 3380 a
581 3315 706 3380 ceteris.
767 3312 893 3398 Quare,
933 3333 1006 3378 oum
1042 3310 1203 3376 adiectiva
1234 3305 1405 3395 βρώσιμος,

189 3411 317 3500 χριστός
337 3411 455 3492 πιστός
476 3416 619 3484 eiusdem
641 3417 707 3482 fere
729 3417 795 3484 sint
816 3416 942 3501 generis
966 3419 999 3480 et
1013 3414 1098 3480 inter
1113 3433 1147 3478 se
1163 3412 1290 3494 similia,
1313 3433 1406 3495 prae-

191 3522 277 3584 stare
306 3518 435 3586 videtur
464 3513 537 3584 oilae
566 3515 695 3584 πιστόν.
738 3520 853 3604 Atque
882 3539 955 3584 cum
981 3509 1106 3582 οὕτε-
1119 3509 1155 3580 οὗ
1168 3553 1208 3563 -
1221 3509 1293 3580 odae
1322 3535 1406 3579 com·

177 3621 301 3712 parari
328 3627 437 3705 potest
459 3622 548 3708 Sept.
571 3644 600 3688 v.
623 3626 664 3687 45
680 3618 759 3710 ’Άρη
780 3617 820 3704 τ’,
841 3617 961 3703 Ἐνιώ,·
986 3616 1041 3686 καὶ
1065 3614 1261 3708 φιλαίματον
1287 3615 1404 3701 Φόβον,

191 3723 233 3788 ad
255 3745 352 3815 quem
373 3747 499 3792 versum
520 3726 689 3792 adnotavit
708 3726 929 3792 Hermannus:
954 3726 1090 3810 „copula
1111 3723 1154 3788 ad
1172 3716 1271 3790 Ἐνυώ
1293 3721 1405 3788 eodem

192 3826 288 3892 modo
312 3828 431 3892 omissa
452 3835 511 3912 est,
534 3850 598 3913 quo
621 3822 747 3894 οὔτε-
760 3823 936 3895 oei—oilae
956 3830 1047 3912 iungi
1067 3827 1201 3894 solent.“

276 3930 349 3998 Iam
372 3953 447 3998 vero
469 3938 578 4017 potest
599 3933 710 4014 statui,
733 3932 831 3998 luisse
852 3933 886 3998 in
908 3933 1084 4016 archetypo
1100 3925 1138 3996 ot*
1153 3925 1273 3996 πιστόν
1287 3926 1405 3992 omisso

191 4057 235 4116 τε,
265 4034 353 4118 quod
380 4034 533 4101 facillime
555 4037 663 4121 potuit
684 4036 754 4102 fieri
775 4037 990 4120 praecedente
1013 4029 1048 4098 od
1071 4034 1209 4120 χριστόν;
1240 4029 1407 4112 archetypi

191 4143 300 4202 autem
314 4137 492 4219 lectionem,
515 4139 745 4224 interpolatam
766 4161 786 4204 a
800 4140 934 4205 librario
948 4138 1095 4204 Mediceo
1110 4138 1269 4220 integram
1283 4131 1406 4216 recepit

191 4240 344 4306 librarius
375 4240 418 4306 A.
448 4243 663 4308 recentiorum
690 4248 759 4308 tum
788 4243 845 4308 alii
871 4242 990 4308 codicis
1019 4240 1061 4306 A.
1090 4239 1259 4304 lectionem
1286 4243 1405 4308 retinu-

193 4351 297 4426 erunt,
320 4343 392 4426 alii,
420 4344 470 4408 vel
500 4337 574 4409 οὐδὲ
601 4367 659 4428 pro
682 4339 718 4410 οὐ
741 4346 791 4410 vel
814 4343 972 4412 ποιιστόν
991 4366 1051 4429 pro
1075 4340 1194 4409 πιστόν
1216 4346 1403 4424 scribentes,

192 4445 479 4532 interpolaverunt.
503 4483 545 4494 -
569 4493 572 4498 -
