3134 4998
747 228 788 289 25

668 315 869 324 Ἣ

163 428 219 494 ubi
235 429 270 494 ei
291 429 405 494 vitium
426 429 556 513 aliquod
578 431 611 495 in
633 430 739 496 uerbis
754 430 824 496 cod.
840 431 939 496 Lacr.
955 430 1059 496 inesse
1074 428 1267 494 videretur“.
1306 426 1371 494 Sed

111 525 112 528 '
164 533 242 598 nihil
266 540 346 617 opus
369 537 432 614 est,
454 538 505 614 ut,
536 534 622 617 quod
643 551 756 600 veram'
776 533 947 600 lectionem
970 555 1049 598 recc.
1072 533 1263 614 omiserunt,
1292 531 1374 596 haec

165 657 181 700 e
203 636 312 702 codice
333 635 479 700 Mediceo
501 657 568 702 esse
590 637 751 721 descripta
774 637 982 713 arbitremur;
1002 641 1111 719 potest
1135 634 1263 719 quidem
1286 634 1373 718 fingi,

166 738 232 816 iem
254 737 463 821 archetypum
485 739 636 806 habuisse
658 740 818 824 glossema
840 735 971 806 πόνοισί
992 760 1027 824 με
1041 734 1172 821 δόμους,
1195 743 1232 802 ut
1254 759 1293 802 ex
1313 738 1376 803 hcc

165 841 280 908 vitiosa
307 842 402 936 lectio
428 843 462 908 in
489 843 632 910 codicem
657 844 699 909 A.
729 848 892 924 manaret3
927 843 984 908 sed
1009 842 1087 907 mihi
1116 841 1245 924 quidem
1272 842 1392 980 ipnlto.

655 957 657 960 ’
1296 949 1309 980 0
1332 948 1374 983 0υέ

170 993 299 1059 ridetur
333 1017 400 1061 csse
429 995 643 1080 probabilius,
676 996 774 1064 inisse
806 999 840 1062 in
873 998 1048 1082 archetypo
1076 992 1208 1062 πόνοισι
1240 949 1363 1079 praedm

163 1118 259 1182 nam¹
284 1099 333 1163 ita
382 1100 509 1166 demum
552 1100 764 1183 intelligitur,
815 1123 872 1166 cur
908 1107 984 1166 ante
1020 1096 1137 1182 δόμους
1178 1096 1290 1163 addita
1334 1100 1376 1164 sit

163 1200 323 1281 particula
358 1224 408 1286 ys,
446 1225 529 1286 quae
563 1203 625 1268 hoc
657 1205 729 1269 loco
759 1204 854 1288 plane
888 1211 976 1269 caret
1005 1225 1110 1268 sensu.
1170 1200 1376 1285 Quamquam

166 1302 304 1368 Medicei
326 1305 463 1370 lectione
486 1306 564 1389 qnid
586 1305 719 1389 faciam,
742 1308 795 1372 vix
815 1309 1008 1384 discernam3
1037 1326 1141 1388 neque
1168 1304 1252 1369 enim
1275 1305 1375 1369 credi-

162 1404 227 1470 bile
249 1412 298 1472 est
321 1409 354 1470 in
383 1430 420 1473 eo
443 1407 562 1489 codice,
587 1430 625 1473 ex
648 1431 711 1491 quc
734 1410 899 1475 derivatus
923 1416 971 1474 est
994 1408 1079 1474 Med.
1104 1407 1147 1472 ad
1174 1403 1306 1473 πόνοισι
1329 1429 1375 1491 γε·

163 1505 234 1572 νεόν
264 1509 463 1593 adscriptum
484 1511 581 1577 fuisse
603 1505 736 1578 πόνοισί
758 1535 791 1597 γε
812 1510 942 1594 δόμους,
972 1511 1044 1592 sed,
1073 1516 1109 1575 ut
1131 1510 1225 1575 modo
1247 1509 1375 1574 demon-

163 1612 275 1692 stravi,
306 1607 556 1696 solum'ddpocg.
600 1614 708 1698 Quare
739 1616 845 1680 nescio
869 1637 911 1679 an
945 1613 1096 1679 librarius
1117 1610 1283 1678 Mediceus
1304 1633 1376 1676 cum

165 1733 203 1776 ex
225 1715 399 1799 archetypo
422 1723 509 1783 recte
533 1713 663 1783 πόνοισι
679 1715 786 1801 γενεάν
806 1717 1037 1801 descripsisset,
1059 1717 1183 1780 variam
1206 1715 1374 1780 lectionem

166 1813 300 1883 πόνοισί
319 1841 354 1902 με
369 1819 480 1902 δόμους
496 1841 534 1884 ex
550 1821 612 1885 alio
636 1820 803 1904 archetypi
819 1821 1007 1904 apographo
1025 1819 1200 1884 addiderit.
1232 1817 1376 1882 Parisini

162 1919 201 1984 L.
230 1921 369 2006 denique
397 1923 493 1988 lectio
523 1923 602 1988 mihi
629 1944 770 2006 quoque,
800 1930 837 1986 nt
860 1922 1000 2003 Sorcfio,
1029 1921 1209 2006 posteriore
1232 1926 1376 2003 tempore

162 2023 267 2104 petita
289 2045 358 2090 esse
382 2047 399 2089 e
423 2026 491 2090 ccd.
514 2025 659 2091 Medicco
682 2027 819 2091 videtur.

248 2125 360 2192 Pers.
385 2132 460 2192 714
481 2127 606 2193 Atossa
627 2129 786 2212 loquitur:

272 2226 383 2293 πάντα
405 2225 474 2314 γάρ,
498 2225 625 2315 Δαρεῖ’,
649 2224 777 2297 ἀκούσει
798 2233 906 2313 μῦθον
928 2227 961 2292 ἐν
982 2232 1092 2316 βραχεῖ
1112 2222 1205 2314 λόγῳ.

270 2329 538 2420 όιυπενιόρθνμυι
560 2331 602 2398 τὰ
623 2337 758 2420 Περσῶν
780 2327 961 2418 πράγμαθ’,
985 2327 1030 2406 ὥς
1050 2327 1156 2396 εἰπεῖν
1177 2324 1266 2405 ἔντος.

162 2431 247 2520 λόγῳ
270 2440 356 2499 recte
378 2435 500 2501 habeut
530 2433 612 2502 Ven.
635 2437 678 2502 A.
702 2434 762 2501 Ox.
785 2437 860 2501 Par.
885 2435 921 2500 Ο.
954 2441 986 2499 et
1008 2433 1206 2516 adscriptum
1233 2433 1308 2497 Par.
1336 2431 1374 2496 B.

160 2535 261 2623 χρόνῳ
291 2537 376 2602 Med.
409 2539 449 2604 G.
479 2539 545 2606 Vit.
578 2540 667 2623 Lips
696 2539 772 2603 Par.
802 2540 841 2603 Β.
887 2537 961 2602 Νου
986 2541 1094 2620 potest
1117 2534 1276 2614 dubitari,
1299 2535 1377 2618 quin

164 2640 278 2705 melius
302 2645 334 2704 et
356 2641 545 2724 exquisitius
567 2643 609 2706 sit
630 2638 728 2730 λόγρνε
763 2641 842 2706 dicit
856 2641 976 2723 regina,
999 2644 1103 2703 totam
1117 2658 1184 2702 rem
1207 2637 1271 2723 (est
1293 2638 1376 2702 enim

160 2745 267 2823 μῦθος
293 2742 448 2808 hocloco
470 2745 664 2810 narrationis
688 2741 929 2829 argumentum)
959 2763 992 2806 se
1014 2741 1163 2825 perbrevi
1189 2742 1376 2805 narratione

162 2847 402 2929 complexuram
425 2867 508 2924 essc;
533 2869 596 2913 unc
619 2849 712 2929 enim,
742 2847 797 2931 qui
820 2845 974 2929 sequitur,
996 2865 1090 2909 versu
1113 2844 1214 2908 omnis
1247 2842 1377 2908 calami-

161 2948 240 3012 tatis
256 2949 440 3014 immanitas
457 2956 489 3015 et
504 2951 659 3016 atrocitas
675 2948 968 3036 comprehenditur.
1000 2946 1240 3014 Grammaticus
1256 2952 1374 3027 autem,

163 3052 217 3131 qui
242 3049 419 3117 offenderet
441 3053 474 3117 in
496 3053 652 3118 vocabulo
675 3050 767 3140 λόγῳ,
791 3049 877 3136 quod
899 3052 985 3117 idem
1008 3050 1188 3133 significare
1212 3071 1250 3114 ac
1270 3044 1376 3132 μόθος

163 3159 302 3235 putaret,
327 3153 498 3238 adscripsit
525 3155 559 3219 in
582 3157 758 3241 archetypo
780 3153 892 3241 χρόνῳ,
923 3152 1010 3237 quod
1038 3153 1188 3218 librarius
1211 3149 1375 3217 Mediceus

162 3260 195 3320 ct
224 3256 317 3320 multi
346 3257 401 3321 alii
423 3251 622 3342 receperunt.
667 3257 855 3324 Simillimus
878 3262 926 3321 est
946 3257 1022 3320 huic
1044 3256 1113 3320 loco
1136 3256 1260 3321 Proin.
1284 3255 1375 3318 878:

190 3417 192 3419 ,
321 3355 415 3436 ὅπως
437 3359 472 3425 dc*
494 3355 599 3448 χῶπη,
624 3363 727 3426 τοῦτο
750 3360 799 3426 δεῖ
818 3359 942 3444 μακροῦ
963 3355 1057 3442 λόγου
1076 3356 1081 3446 l
1101 3353 1215 3422 εἰπεῖν.

161 3459 218 3526 ubi
240 3483 298 3544 pro
321 3457 416 3546 λόγου
439 3463 480 3530 G.
505 3464 596 3548 Lips.
621 3464 676 3528 alii
698 3461 821 3529 habent
842 3459 962 3550 χρόνου,
986 3460 1072 3545 quod
1087 3461 1128 3525 ab
1145 3460 1258 3525 ecdem
1279 3461 1377 3525 inter·

161 3566 309 3646 polatore
325 3565 453 3629 uidetur
467 3585 534 3632 esse
546 3567 736 3651 proiectum,
756 3567 811 3650 qui
822 3566 913 3632 Pers.
927 3569 989 3630 714
1001 3566 1160 3648 corrigere
1173 3567 1307 3628 conatus
1318 3569 1376 3628 est.

246 3667 357 3732 Pers.
382 3673 468 3748 796,
492 3667 773 3750 Dareomonenti,
797 3692 837 3734 ne
859 3670 976 3734 iterum
1000 3667 1161 3752 expeditio
1184 3668 1217 3730 in
1233 3665 1376 3732 Graecos

162 3774 347 3851 pararetur,
386 3771 467 3854 quia*
495 3771 528 3835 iu
562 3773 685 3855 exiguis
720 3771 861 3837 hostium
896 3772 1012 3838 finibus
1049 3772 1162 3854 ingens
1199 3769 1374 3835 Persarum

161 3871 336 3936 multitudo
376 3871 461 3936 fame
497 3881 582 3938 esset
612 3875 799 3955 interitura,
831 3876 878 3940 sic
908 3874 1096 3957 obloquitur
1127 3873 1257 3938 chorus:
1307 3867 1374 3937 ἀλλ’

162 3967 298 4062 εὐσταλῆ
319 3997 371 4038 τοι
392 3973 503 4041 λεκτὸν
525 3971 660 4063 ἀροῦμεν
681 3973 805 4060 στόλον,
828 3977 917 4061 quod
939 3999 1011 4042 cum
1034 3977 1111 4040 nihil
1135 3975 1256 4040 habeat
1278 3973 1377 4040 offen-

162 4076 269 4158 sionis,
293 4099 402 4148 omncs
426 4078 564 4145 editores
586 4085 790 4164 receperunt;
823 4086 855 4146 et
882 4078 1010 4145 videtur
1038 4077 1207 4143 referenda
1238 4099 1306 4143 esse
1335 4077 1377 4141 ad

162 4177 247 4245 hunc
276 4180 384 4245 locum
414 4179 570 4264 Hesychii
598 4183 786 4267 explicatio:
818 4176 980 4270 εὐσταλής,
1010 4180 1117 4256 καλῶς
1148 4177 1376 4264 ἑστολισμένος.

161 4281 360 4366 Magnopere
394 4305 470 4348 vero
493 4286 620 4351 codices
647 4287 679 4350 in
702 4286 751 4351 his
773 4285 879 4350 verbis
908 4283 1075 4350 tradendis
1096 4283 1266 4349 fluctuant.
1294 4285 1376 4349 'Ex-

161 4382 274 4450 hibent
302 4391 390 4451 recte
412 4379 549 4474 εὐσταλῆ
570 4410 621 4452 τοι
647 4383 730 4456 Vcn.
751 4385 790 4452 Β.
821 4386 881 4453 Ox.
905 4386 987 4452 Ask.
1015 4386 1058 4451 A.
1086 4386 1162 4451 Par.
1185 4387 1226 4452 B.
1257 4381 1376 4474 εὐτελῆ,

161 4507 180 4550 τ
207 4489 240 4553 in
262 4511 302 4553 cr
331 4494 471 4570 mutato,
504 4487 619 4554 deinde
647 4514 698 4555 coi
724 4489 810 4556 Med.
833 4486 963 4578 εόσυελῆ
983 4513 1034 4555 τοι
1061 4489 1103 4555 ad
1125 4484 1256 4588 εόσυελῆ
1279 4511 1377 4574 supra
