3134 4998
845 153 864 226 1

340 363 468 434 Horum
491 365 590 450 igitur
612 365 775 448 codicum,
803 388 875 432 cum
897 368 1021 451 priores
1044 366 1193 449 editores,
1217 389 1311 450 quos
1335 365 1424 432 forte
1446 365 1483 432 ad

255 491 385 534 manum
407 469 575 550 haberent,
597 470 636 534 iis
652 469 685 533 in
701 470 897 535 recensendo
913 470 1076 554 Aeschylo
1092 475 1276 552 uterentur,
1303 470 1484 553 Burgesius

254 571 419 658 primus*)
461 571 656 656 peculiarem
696 571 859 654 quandam
895 573 1120 638 auctoritatem
1157 572 1384 638 tribuendam
1422 593 1485 636 esse

255 675 358 740 codici
379 674 525 740 Mediceo
553 674 660 758 posuit
687 674 721 738 in
749 674 958 740 adnotatione
981 674 1023 740 ad
1045 673 1159 758 Suppl.
1183 674 1232 739 ed.
1259 673 1381 740 Lond.
1409 678 1485 739 1821

254 798 287 859 p.
309 779 363 844 41.
408 775 509 843 Cuius
536 776 611 842 libri
638 776 828 859 inspiciendi
859 800 931 843 oum
960 777 1098 844 facultas
1126 777 1205 842 mihi
1231 799 1306 842 non
1334 779 1380 842 sit
1404 778 1486 857 data,

256 880 334 963 quid
358 879 397 946 de
421 878 580 963 Burgesio
603 878 793 944 Dindordus
816 886 945 946 censeat
967 881 1032 967 (ed.
1055 879 1176 946 Aesch.
1199 880 1299 964 Lips.
1329 885 1350 944 5
1375 903 1409 964 p.
1426 879 1487 964 Vl)

255 982 407 1048 hocloco
429 981 544 1046 afferre
566 981 679 1047 liceat:
705 981 777 1062 „Ex
799 983 908 1048 codice
930 981 1015 1048 Med.
1034 982 1181 1048 derivata
1203 989 1294 1062 sunt,
1324 988 1488 1066 quotquot

255 1085 297 1152 ad
318 1085 404 1150 huno
419 1105 521 1167 usque
537 1084 622 1150 diem
641 1086 851 1152 innotuerunt
866 1086 981 1150 harum
1004 1086 1245 1168 tragoediarum
1269 1084 1487 1170 apographa:

254 1187 341 1272 quod
363 1188 487 1271 primus
509 1187 650 1252 omnium
675 1186 835 1272 Georgius
860 1187 1037 1272 Burgesius
1061 1187 1142 1252 dixit
1156 1189 1190 1252 in
1205 1186 1486 1252 adnotationibus

254 1290 297 1356 ad
319 1289 487 1374 Supplices
509 1311 541 1374 p.
563 1293 620 1370 413
644 1291 704 1354 etsi
727 1311 790 1354 non
813 1289 892 1368 alio,
916 1298 953 1356 ut
974 1290 1111 1370 videtur,
1140 1298 1344 1374 argumento
1370 1296 1486 1365 motus,

255 1414 353 1476 quam
367 1393 455 1477 quod
477 1392 601 1458 codices
624 1414 733 1461 omnes
755 1393 789 1457 in
811 1393 897 1458 vitiis
919 1393 1065 1478 plurimis
1086 1413 1125 1457 ao
1139 1393 1236 1476 plane
1252 1392 1485 1478 singularibus

255 1496 436 1562 consentire
473 1495 628 1562 videret.“
697 1495 901 1580 Quamquam
938 1481 1146 1579 Burgesium‘
1173 1517 1237 1561 non
1273 1495 1486 1580 persuasisse

254 1598 455 1682 aequalibus,
479 1599 529 1664 vel
549 1598 625 1664 inde
647 1606 792 1684 apparet,
815 1599 903 1683 quod
925 1619 1018 1664 nemo
1039 1605 1152 1681 posteo
1175 1599 1319 1681 exstitit,
1349 1600 1410 1683 qui
1433 1600 1484 1660 aut

254 1701 417 1768 refelleret
434 1703 508 1792 ‚eius
531 1702 712 1786 opinionem
734 1709 792 1768 aut
811 1702 1025 1768 confirmaret.
1072 1699 1220 1767 Tandem
1240 1702 1381 1786 aliquot
1398 1699 1482 1765 annis

153 1831 156 1838 ·
255 1805 444 1872 intermissis
474 1804 626 1887 Burgesii
654 1806 847 1872 sententiam
876 1805 1049 1886 oblivione,
1078 1805 1205 1887 opinor,
1233 1804 1416 1883 obrutam,
1439 1821 1479 1864 re-

254 1909 449 1993 dintegravit
474 1907 617 1974 Cobetus
646 1908 680 1973 in
709 1909 853 1974 oratione
880 1910 949 1990 illa,
980 1931 1077 1992 quarn
1110 1907 1225 1973 habuit
1253 1907 1424 1991 Lugduni
1445 1939 1478 1952 -

256 2012 458 2078 Batauorum
489 2032 573 2075 anno
610 2013 691 2076 1846
725 2011 784 2091 „de
815 2017 884 2076 arte
915 2011 1153 2095 interpretandi
1183 2011 1424 2096 grammatices
1452 2011 1474 2069 et

255 2116 382 2180 critices
408 2113 627 2178 fundamentis
656 2114 781 2195 innixa,
812 2114 967 2198 primario
990 2113 1146 2198 philologi
1168 2113 1294 2180 officio“
1319 2115 1385 2198 qui
1410 2109 1468 2176 dicit

255 2240 286 2301 p.
311 2220 387 2282 103:

343 2319 451 2400 „Satis
484 2319 564 2384 mihi
597 2325 724 2386 constat
755 2317 911 2402 Aeschyh
944 2323 977 2382 et
1010 2317 1179 2402 Sophoclis
1211 2318 1365 2400 fabulas,
1404 2333 1473 2398 quas

256 2422 430 2504 habemus,
460 2421 493 2487 in
524 2443 588 2486 unc
617 2423 740 2505 codice,
771 2423 827 2507 qui
854 2443 939 2487 nuno
964 2421 998 2485 in
1020 2421 1243 2487 Laurentiana
1266 2420 1473 2488 Bibliotheca

256 2532 417 2607 servatur,
450 2525 492 2590 ad
514 2546 573 2590 nos
594 2526 791 2609 pervenisse,
820 2547 860 2591 ex
882 2546 945 2608 quo
967 2524 1183 2590 vetustissimo
1203 2525 1287 2591 libro
1309 2519 1471 2608 profluxit,

256 2628 415 2713 quidquid
438 2629 583 2694 codicum
602 2627 688 2695 MSS
710 2628 833 2710 ubique
854 2628 1047 2693 invenitur.“

342 2730 447 2816 Quod,
471 2733 617 2814 quamvis
639 2731 849 2814 comprobare
873 2731 1026 2814 exemplis
1049 2751 1083 2795 se
1104 2752 1197 2813 posse
1211 2729 1266 2794 ille
1282 2751 1310 2793 v.
1329 2731 1363 2794 d.
1383 2727 1469 2798 dica,

256 2841 373 2916 tamen,
398 2833 487 2918 quod
506 2834 621 2898 summi
636 2833 749 2898 fuisset
763 2834 925 2916 momenti,
949 2834 1147 2916 argumentis
1162 2831 1325 2896 affirmare
1344 2827 1469 2897 omitt't.

256 2938 373 3020 Neque
395 2958 454 3021 per
475 2958 577 3002 annos
600 2943 770 3020 sequentes
795 2937 976 3020 quisquam,
1000 2956 1073 3000 cum
1095 2936 1151 3000 alii
1173 2936 1268 3000 aliter
1276 2931 1465 3003 'iudicarent

258 3041 353 3106 certis
378 3040 487 3106 allatis
510 3041 703 3105 testimoniis
724 3041 867 3124 ipsisque
890 3039 1054 3106 codicibus
1074 3039 1200 3104 collatis
1217 3039 1395 3122 explanare
1411 3049 1470 3099 rem

258 3144 409 3210 inst'tuit.

344 3245 534 3311 Dindorfius
550 3245 678 3328 quidem
693 3245 727 3310 in
739 3245 933 3311 editionibus
949 3245 1068 3310 Aesoh.
1085 3245 1184 3309 solius
1200 3243 1319 3308 codicis
1335 3231 1470 3308 Medioei

260 3349 355 3414 fidem
373 3356 422 3414 est
437 3354 575 3414 secutus.
607 3348 745 3415 Cautius
760 3353 869 3412 tamen
884 3355 916 3414 et
930 3347 1107 3412 modestius
1124 3352 1259 3432 egerunt
1274 3342 1469 3412 Ritschelius

259 3458 291 3516 et
320 3451 544 3531 Hermannus3
578 3452 633 3517 ille
664 3451 748 3515 euim
778 3450 857 3517 dicit
886 3453 920 3516 in
948 3451 1149 3535 praelatione
1178 3450 1226 3515 ed.
1256 3449 1346 3532 Sept.
1377 3472 1409 3532 p.
1431 3439 1469 3518 Vr

260 3554 401 3620 codicem
431 3554 613 3620 Medioeum
641 3576 740 3618 unum
770 3561 802 3620 et
828 3575 1027 3620 communem
1056 3574 1125 3618 esse
1147 3553 1269 3618 fontem
1292 3557 1469 3617 ceterorum

259 3678 293 3722 se
316 3657 419 3722 vereri
442 3662 479 3722 ut
500 3658 602 3740 possit
623 3657 836 3740 probabiliter
859 3657 1087 3736 demonstrari,
1112 3677 1150 3720 ex
1164 3655 1346 3720 Hermanni
1366 3669 1469 3719 recen·

260 3759 350 3825 sione
381 3765 505 3840 autem,
537 3782 733 3843 quamquam
758 3760 798 3824 de
825 3760 988 3826 codicibus
1016 3759 1187 3842 Aeschyli,
1217 3764 1373 3841 quantum
1397 3753 1468 3827 seio,

259 3883 425 3946 nunqnam
455 3863 510 3928 ille
539 3885 567 3926 v.
592 3863 622 3926 d.
647 3862 812 3945 disseruit,
841 3869 949 3927 tamen
977 3865 1055 3928 satis
1084 3869 1235 3946 apparet,
1265 3861 1418 3944 antiquae
1441 3855 1469 3916 et

258 3987 352 4030 verae
381 3964 527 4031 lectionis
557 3967 707 4050 vestigia,
736 3969 818 4049 quae
846 3988 904 4050 per
927 3966 1052 4031 codices
1074 3966 1268 4031 recentiores
1291 3961 1466 4034 manarent,

259 4089 331 4136 eum
352 4090 416 4134 non
439 4068 625 4154 neglexisse.

328 4308 355 4377 *)
375 4308 408 4361 cf.
428 4307 587 4362 Wecklein:
617 4308 672 4364 Die
690 4311 895 4380 aeschyleisohe
914 4267 1060 4364 Literatur
1079 4325 1134 4362 von
1155 4307 1328 4360 rete-1871
1348 4308 1377 4360 iu
1395 4299 1459 4360 Phil.

259 4392 360 4448 XXXI
378 4412 404 4464 p.
423 4396 473 4446 715
493 4395 511 4448 f.
