3134 4998
689 311 815 409 aa-

152 510 305 589 omnibus,
330 531 393 594 qua
417 531 476 593 par
499 511 545 573 est
569 506 671 584 laude,
696 507 779 570 elata
803 506 984 590 nuperrime
1011 509 1148 572 tractata
1180 512 1267 574 esta

152 619 192 688 R.
203 616 427 702 Nieberdingio
438 615 665 692 dissertatione,
682 636 764 698 quae
777 613 959 678 inscribitur
975 613 1266 698 deanapaestorum

152 725 235 810 apud
252 721 445 809 Aeschylum
467 726 498 787 et
512 721 702 806 Sophoclem
724 721 847 785 ratione
866 721 1144 807 antisystematica,
1171 723 1265 802 1867,

152 856 182 916 p.
199 832 252 897 23.
290 829 372 896 Sunt
394 830 478 894 enim
501 829 641 912 quinque
665 827 868 911 hypermetra
883 827 943 892 hoc
957 829 1090 892 artificio
1105 828 1265 912 disposita,

151 945 188 1004 nt
220 941 372 1024 quattuor
403 939 574 1020 systemata
606 936 785 1020 παλινῳδικά
818 941 850 1000 et
872 935 1053 1000 Promethei
1076 939 1108 1000 et
1130 935 1266 1002 Mercuri

152 1046 245 1130 quasi·
264 1045 446 1110 umbilicum
468 1065 567 1130 unum
592 1041 681 1108 chori
705 1043 846 1127 cingant.
884 1043 971 1118 Quae
994 1043 1155 1128 responsio
1180 1049 1266 1111 este

152 1174 333 1238 generaco,
357 1152 442 1237 quod
466 1151 627 1239 μεσῳδικόν
649 1153 859 1234 nuncupatur.

331 1277 436 1344 Prom.
484 1275 617 1342 Mercnr.
664 1275 749 1340 chor.
796 1274 930 1344 Mercur.
976 1275 1082 1345 Prom.

359 1386 409 1451 14.
536 1385 575 1449 9,
692 1383 721 1447 8.
844 1383 875 1449 9.
985 1379 1079 1470 13¹lr.
1186 1399 1189 1408 ’

215 1640 317 1716 Quam
349 1637 443 1701 huius
474 1637 537 1701 loci·
571 1636 831 1720 compositionem
867 1635 1145 1720 antistrophieam,
1184 1657 1265 1720 quae

147 1748 260 1831 sponte
284 1745 433 1822 nascitur,
458 1749 494 1809 ut
509 1747 639 1830 negaret
653 1766 847 1829 quamquam
865 1744 1002 1808 multum
1015 1742 1134 1821 aberat,
1158 1746 1265 1808 tamen

148 1853 351 1917 Hermannus
374 1851 560 1931 haesitabat,
584 1851 669 1934 quod
693 1851 899 1916 novissimum
921 1852 1058 1931 systema
1078 1850 1190 1933 primo,
1214 1849 1265 1914 eui

149 1958 377 2042 antistrophica
409 1959 531 2024 ratione
563 1959 750 2042 opponitur,
789 1960 987 2021 monometro
1018 1959 1099 2020 esset
1130 1956 1263 2035 brevius,

148 2069 389 2150 accuratamque
421 2066 655 2148 responsionem
691 2065 895 2130 restituturus
930 2065 1004 2148 post
1036 2063 1130 2128 verba
1161 2067 1266 2149 στείχει

147 2165 278 2260 φανερῶς
302 2178 342 2252 (v.
361 2174 471 2250 1090.)
495 2173 629 2238 inseruit
651 2169 788 2258 ὦΘέμις,
811 2169 905 2258 disq.
948 2169 996 2236 Sit
1020 2171 1080 2234 hoc
1102 2170 1264 2255 ingeniose
1300 2232 1311 2263 x

146 2282 335 2364 exquisitum
359 2279 622 2359 additamentum,
647 2285 767 2344 certum
790 2278 906 2343 habere
924 2301 988 2343 non
1005 2279 1114 2343 ausim.
1152 2277 1264 2364 Neque
1310 2272 1313 2285 ’

149 2393 204 2466 est,
229 2409 284 2452 cur
306 2387 468 2466 addamus,
493 2387 546 2453 ubi
560 2387 792 2452 sententiarum
805 2407 949 2449 connexu
961 2385 1044 2449 nihil
1058 2385 1262 2451 desideratur.

15 2556 18 2561 .
149 2493 258 2578 Longe
282 2495 366 2559 enim
388 2497 538 2578 praestet,
571 2493 694 2556 factum
722 2495 844 2575 putare,
877 2491 961 2575 quod
992 2493 1025 2556 in
1058 2494 1264 2576 anapaesticis
1338 2513 1341 2520 ’

148 2600 325 2684 systematis
356 2599 423 2663 fieri
456 2621 545 2684 posse
576 2603 626 2663 sat
649 2597 855 2682 probabiliter
878 2597 1134 2663 demonstrarunt
1157 2598 1283 2688 Westr

149 2707 275 2790 phalius
306 2705 440 2770 Weilius
472 2706 540 2785 alii,
576 2709 613 2770 nt
644 2708 841 2770 monometer
873 2705 1003 2770 eandem
1036 2705 1168 2771 haberet
1199 2707 1264 2770 vim

150 2812 373 2900 rhythmicam,
397 2817 494 2897 atque
516 2836 554 2878 ex
577 2814 678 2879 altera
701 2817 792 2897 parte
815 2813 957 2878 dimeter.

598 3268 724 3379 caput
745 3267 819 3352 HI.

476 3442 528 3533 De
564 3441 743 3560 partibus
778 3441 938 3536 melicis.

213 3727 343 3812 lamque
366 3749 403 3791 eo
428 3726 562 3791 deducta
585 3729 632 3791 est
654 3729 806 3811 quaestio,
840 3733 878 3792 ut
908 3729 969 3793 hoc
1000 3729 1103 3812 eapite
1135 3729 1173 3794 de
1196 3754 1262 3796 mc·

147 3835 215 3901 licis
246 3835 372 3900 fabulae
404 3834 547 3920 partibus
577 3836 620 3900 sit
651 3835 818 3922 agendum.
865 3836 935 3912 Qua
967 3859 1005 3900 ex
1037 3837 1261 3921 disputatione,

148 3965 228 4029 quae
251 3943 291 4007 ad
314 3944 574 4027 compositionem
597 3944 760 4009 metricam
788 3947 871 4009 recte
894 3945 1094 4010 iudicandam
1117 3947 1167 4010 vel
1190 3948 1262 4030 plu·

148 4052 264 4116 rimam
293 4051 397 4116 valere
428 4050 562 4130 videtur,
595 4073 691 4134 quam
723 4052 860 4116 maxime
891 4051 1035 4130 elucebit,
1068 4057 1262 4138 quantopere

148 4158 327 4226 Promethei
349 4163 437 4245 τέχνη
461 4165 578 4247 papirii
603 4181 675 4224 cum
697 4160 807 4224 ceteris
830 4159 978 4244 Aeschyli
1004 4161 1177 4247 tragoediis
1200 4161 1262 4226 dis·

148 4272 263 4350 crepet.
305 4265 416 4350 Neque
439 4267 523 4331 enim
545 4268 647 4332 solum
670 4266 843 4332 videbimus
866 4268 945 4332 tales
967 4289 1114 4333 numeros
1136 4269 1263 4334 civitate

148 4372 292 4452 donatos,
316 4373 371 4457 qui
394 4371 425 4436 in
451 4374 629 4457 antiquiore
647 4373 811 4460 tragoedia
827 4375 917 4458 quasi
931 4375 1184 4461 peregrinantur,
1208 4375 1261 4440 sed
