3134 4998
736 342 778 409 29

200 543 410 609 temeritatem
444 563 537 624 quam
567 540 733 606 consilium
756 539 920 624 legemque
942 559 1006 602 sese
1029 539 1181 621 putarent
1204 535 1314 618 depre-

201 650 347 728 hendere,
373 648 448 712 dum
472 647 645 712 Rossbachi
669 650 701 712 ct
716 646 896 730 Westphali
919 644 1085 729 sagacitati
1108 644 1254 729 contigit,
1278 645 1315 707 ut

200 759 284 843 leges
316 777 373 840 per
401 777 432 819 se
460 753 704 838 simplicissimas
726 754 804 818 artis
826 752 1020 838 Aeschylcae
1043 751 1234 834 detegerent.
1281 749 1314 817 si

201 865 307 926 autem
330 882 436 926 omnes
458 859 607 925 iambicus
629 859 776 943 strophas
799 859 838 924 ad
862 859 991 936 harum,
1016 857 1054 922 de
1076 858 1190 941 quibus
1212 880 1314 923 sermo

203 971 258 1047 est,
292 969 468 1051 exemplum
500 967 643 1032 finxisset
665 966 854 1048 Aeschylus,
888 965 1071 1030 Dindorfius
1103 985 1140 1029 ex
1172 967 1313 1049 stropha,

202 1097 282 1159 quae
305 1079 352 1140 est
374 1075 406 1139 in
430 1075 543 1160 Agam.
568 1075 656 1152 367,
690 1096 755 1139 nou
779 1073 955 1156 expiscatus
982 1076 1061 1136 esset
1084 1093 1208 1137 versum
1230 1074 1315 1138 anti-

202 1183 384 1265 spasticum,
423 1181 607 1260 iambicum,
641 1179 941 1258 iambicccreticum,
974 1178 1313 1262 iambicotroohaicnm,

201 1289 490 1374 ischiorrhogicum,
515 1287 847 1352 iambicotrochaicum
861 1309 935 1352 cnm
947 1288 1132 1371 antispasto,
1153 1309 1234 1371 quae
1248 1311 1314 1354 om·

200 1396 254 1460 nia
277 1418 315 1461 cx
338 1396 473 1461 catalexi
496 1416 559 1459 non
585 1395 747 1459 intellecta
769 1397 847 1459 nata
868 1396 953 1458 sunt.
1000 1393 1193 1484 Aeschylum
1215 1397 1315 1483 igitur

201 1505 314 1568 neutra
337 1503 471 1586 stropha
493 1501 633 1566 redolere
656 1500 789 1568 videtur.
827 1499 888 1566 Sed
908 1500 985 1565 hacc
998 1500 1160 1566 hactenus.
1198 1502 1315 1568 Trans-

200 1610 283 1673 imus
319 1630 405 1672 nunc
435 1609 469 1672 in
501 1607 720 1673 enumerandis
753 1608 873 1685 metris,
911 1629 993 1690 quae
1024 1607 1211 1674 Prometheo
1243 1633 1314 1675 cum

202 1716 312 1780 ceteris
335 1713 451 1781 fabulis
474 1715 654 1797 Aeschyleis
677 1716 857 1780 communia
879 1721 964 1794 sunt,

269 1854 300 1920 3.
324 1854 367 1920 ud
381 1871 505 1921 vorsus
519 1853 754 1937 dochmiacsm,
771 1857 884 1942 quibus
893 1860 1073 1943 conscripta
1082 1863 1156 1924 sunt
1164 1862 1315 1927 monodia

205 1965 257 2030 lus
284 1987 334 2032 vv.
363 1965 555 2043 566-573,
590 1965 986 2033 orassemus—608
1013 1970 1045 2031 et
1072 1968 1161 2032 chori
1188 1991 1314 2035 carmen

203 2073 388 2139 687-695.
441 2072 561 2148 Quibus
597 2072 635 2137 de
672 2072 811 2138 versibus
847 2073 1037 2139 dochmiacis
1073 2097 1243 2160 eorumque
1280 2078 1315 2142 in

200 2181 348 2264 strophas
385 2181 607 2246 coniunctione
640 2179 705 2244 fere
737 2180 818 2244 nihil
851 2181 957 2246 afferri
988 2182 1119 2265 poterit,
1157 2183 1243 2268 quod
1275 2185 1314 2250 ab

201 2288 375 2372 Aeschyleo
399 2310 486 2353 more
510 2288 650 2353 alienum
673 2287 861 2352 censendum
875 2289 925 2352 sit.
963 2287 1060 2352 Aliud
1074 2310 1149 2353 sane
1163 2290 1316 2355 iudicium

201 2394 396 2473 habebimus,
420 2396 447 2459 si
469 2395 507 2458 de
531 2396 600 2460 loco
623 2400 656 2460 et
670 2417 728 2458 usu
744 2394 964 2476 dochmiorum
978 2387 1193 2477 duaestionem
1208 2398 1315 2462 inieri-

201 2523 284 2580 mus,
313 2523 393 2584 quos
416 2502 456 2566 ah
479 2502 636 2586 Aeschylo
659 2501 703 2565 sic
726 2505 893 2584 usurpatos
915 2502 1042 2580 scimus,
1072 2507 1108 2568 ut
1129 2508 1187 2567 aut
1209 2527 1228 2567 a
1250 2505 1315 2569 sin·

201 2609 285 2692 gulis
308 2607 466 2673 choreutis
489 2612 545 2673 aut
567 2609 651 2672 inter
674 2608 840 2674 choreutas
864 2610 896 2672 et
918 2607 1087 2673 histriones
1110 2609 1201 2674 di‘visi
1223 2633 1315 2676 cane-

202 2717 322 2780 rentur.
368 2712 463 2779 Ouius
499 2716 544 2779 rei
575 2716 799 2781 tractationem
831 2737 916 2780 nunc
947 2715 1026 2779 mihi
1062 2737 1205 2796 assumo,
1243 2740 1316 2783 cum

203 2826 316 2905 quarto
340 2821 433 2886 huius
455 2822 554 2887 libelli
577 2823 689 2906 capite,
715 2845 778 2908 quo
801 2823 839 2887 de
853 2822 980 2888 fabulae
994 2825 1177 2888 oeconomia
1192 2829 1313 2911 agetur,

202 2929 284 2994 hanc
306 2951 370 2993 rem
395 2929 434 2993 ad
459 2931 578 2994 exitum
602 2930 756 3000 adducere
779 2930 857 2993 mihi
876 2931 1102 3013 proposuerim.
1141 2930 1316 3017 Incipiatur

201 3037 300 3123 igitur
323 3059 342 3100 a
364 3035 468 3101 forma
491 3040 523 3101 et
545 3037 647 3121 specie
670 3037 901 3103 dochmiorum.
938 3021 1071 3121 Κριτοοοὶ
1093 3038 1148 3121 qui
1162 3045 1316 3104 vocantur

201 3144 222 3207 i.
238 3167 264 3211 e.
288 3167 424 3229 quorum
447 3166 530 3210 arses
553 3144 682 3228 syllabis
704 3142 976 3208 irrationabilibus
998 3165 1097 3226 purae
1114 3150 1199 3225 sunt,
1223 3147 1315 3212 hasce

202 3249 321 3316 formas
344 3251 495 3316 offerunt:

233 3395 1283 3464 a0u*·v·,b.vvu‘u*00.v·¹vuv-·

568 3503 951 3568 ᾶ.υνυ“ννν,

268 3645 318 3709 Ad
343 3645 488 3724 formam,
513 3667 607 3729 quam
632 3645 739 3710 littera
762 3669 781 3709 a
805 3644 975 3731 designavi,
1000 3646 1165 3711 factisnnt
1178 3669 1227 3712 vv.
1242 3648 1315 3716 588.

201 3754 296 3826 uhter<
310 3755 433 3840 φθέγμα
445 3764 507 3831 τᾶς,
532 3754 607 3819 688.
631 3748 666 3817 c’d
686 3749 691 3838 Ι
711 3753 774 3818 ποτ’
793 3749 907 3839 η’όχουν
929 3753 1038 3829 ξένους,
1061 3755 1136 3820 689.
1160 3756 1317 3841 μολεῖσθαι

202 3860 316 3940 λόγους,
340 3861 380 3925 ad
404 3861 540 3926 formam
568 3861 701 3926 alteram
724 3861 799 3927 570.
823 3857 840 3924 ὁ
863 3861 896 3924 δὲ
917 3862 1065 3946 nocetam
1084 3863 1089 3942 Ι
1109 3861 1220 3937 δόλων,
1244 3861 1315 3948 ὄμμ’

202 3964 289 4052 ἔχων,
314 3967 387 4033 574.
409 3963 465 4032 ὑπὸ
489 3969 520 4031 δὲ
542 3969 750 4053 κηρόπλαστος
773 3965 869 4051 ὀτοβεῖ
892 3967 989 4043 δόναξ,
1013 3969 1088 4034 575.
1111 3964 1147 4031 ἰὼ
1169 3965 1205 4032 ἰὼ
1219 3974 1316 4048 πόποι,

202 4074 277 4140 582.
299 4079 364 4159 πυρὶ
378 4097 415 4161 με
429 4075 543 4162 φλέξον,
559 4073 683 4161 ἢχθονὶ
700 4077 842 4161 κάλυψον,
867 4073 887 4162 ἥ
911 4079 943 4139 et
966 4075 1066 4140 δάκεσι
1088 4076 1139 4148 δός
1153 4078 1252 4160 βοράν,
1276 4075 1316 4140 ad

202 4180 339 4244 formam
367 4201 391 4246 ο.
420 4203 449 4248 ν.
479 4182 553 4247 573.
581 4203 612 4246 τε
643 4193 739 4269 νῆστιν
763 4179 819 4247 ἀνὰ
846 4187 907 4258 τάν,
936 4182 1038 4246 forma
1062 4182 1081 4246 d
1106 4182 1168 4248 duc
1190 4186 1317 4248 exstant

202 4287 346 4370 exempla
369 4287 403 4351 in
426 4308 475 4351 vv.
491 4289 566 4355 577.
589 4293 617 4353 τί
638 4294 709 4354 ποτέ
732 4289 762 4374 μ’
786 4286 940 4374 ὧΚρόνοε,
967 4290 1028 4354 117
1033 4340 1040 4356 .
1061 4287 1142 4354 ἵκοιο
1165 4295 1310 4374 τερμόνιον

203 4393 290 4470 Quae
317 4395 438 4460 formae
468 4417 576 4461 omnes
603 4396 644 4460 ab
671 4396 846 4483 Aeschyleo
879 4419 937 4462 usu
965 4397 1054 4462 nulla
1076 4420 1110 4463 re
1132 4398 1312 4466 abhorrent
