<?xml version="1.0" encoding="UTF-8"?>
<!DOCTYPE html PUBLIC "-//W3C//DTD XHTML 1.0 Transitional//EN"
    "http://www.w3.org/TR/xhtml1/DTD/xhtml1-transitional.dtd">
<html xmlns="http://www.w3.org/1999/xhtml" xml:lang="en" lang="en">
 <head>
  <title>
</title>
<meta http-equiv="Content-Type" content="text/html;charset=utf-8" />
  <meta name='ocr-system' content='tesseract 3.04.00' />
  <meta name='ocr-capabilities' content='ocr_page ocr_carea ocr_par ocr_line ocrx_word'/>
</head>
<body>
  <div class='ocr_page' id='page_1' title='image "./decompositionem00heidgoog_0043.png"; bbox 0 0 3134 4998; ppageno 0'>
   <div class='ocr_carea' id='block_1_1' title="bbox 842 365 887 430">
    <p class='ocr_par' dir='ltr' id='par_1_1' title="bbox 842 365 887 430">
     <span class='ocr_line' id='line_1_1' title="bbox 842 365 887 430; baseline 0 0"><span class='ocrx_word' id='word_1_1' title='bbox 842 365 887 430; x_wconf 86' lang='lat'>34</span> 
     </span>
    </p>
   </div>
   <div class='ocr_carea' id='block_1_2' title="bbox 306 557 1421 1718">
    <p class='ocr_par' dir='ltr' id='par_1_2' title="bbox 306 557 1421 1718">
     <span class='ocr_line' id='line_1_2' title="bbox 308 557 1421 649; baseline 0.007 -27"><span class='ocrx_word' id='word_1_2' title='bbox 308 581 337 622; x_wconf 88' lang='lat' dir='ltr'>v.</span> <span class='ocrx_word' id='word_1_3' title='bbox 362 558 437 625; x_wconf 75' lang='lat'><strong>397.</strong></span> <span class='ocrx_word' id='word_1_4' title='bbox 468 557 578 624; x_wconf 90' lang='lat' dir='ltr'>ionicis</span> <span class='ocrx_word' id='word_1_5' title='bbox 606 579 625 622; x_wconf 86' lang='grc'>0</span> <span class='ocrx_word' id='word_1_6' title='bbox 648 559 770 624; x_wconf 90' lang='lat' dir='ltr'>minore</span> <span class='ocrx_word' id='word_1_7' title='bbox 793 562 1002 645; x_wconf 74' lang='lat' dir='ltr'><strong>conscriptam</strong></span> <span class='ocrx_word' id='word_1_8' title='bbox 1026 561 1121 626; x_wconf 85' lang='lat' dir='ltr'>fuisse</span> <span class='ocrx_word' id='word_1_9' title='bbox 1143 566 1304 648; x_wconf 79' lang='lat' dir='ltr'>negarunt</span> <span class='ocrx_word' id='word_1_10' title='bbox 1326 562 1421 649; x_wconf 92' lang='lat' dir='ltr'>idque</span> 
     </span>
     <span class='ocr_line' id='line_1_3' title="bbox 307 665 1421 754; baseline 0.005 -25"><span class='ocrx_word' id='word_1_11' title='bbox 307 687 365 729; x_wconf 91' lang='lat' dir='ltr'>suo</span> <span class='ocrx_word' id='word_1_12' title='bbox 383 666 460 745; x_wconf 91' lang='lat' dir='ltr'>iure,</span> <span class='ocrx_word' id='word_1_13' title='bbox 484 688 560 731; x_wconf 91' lang='lat' dir='ltr'>nam</span> <span class='ocrx_word' id='word_1_14' title='bbox 575 687 681 732; x_wconf 87' lang='lat' dir='ltr'>versus</span> <span class='ocrx_word' id='word_1_15' title='bbox 695 665 930 733; x_wconf 85' lang='lat' dir='ltr'>Anacreonteus</span> <span class='ocrx_word' id='word_1_16' title='bbox 963 713 979 726; x_wconf 50' lang='grc' dir='ltr'><strong>ο</strong></span> <span class='ocrx_word' id='word_1_17' title='bbox 998 713 1014 728; x_wconf 66' lang='grc'>,</span> <span class='ocrx_word' id='word_1_18' title='bbox 1049 709 1068 718; x_wconf 98' lang='grc'><strong>-</strong></span> <span class='ocrx_word' id='word_1_19' title='bbox 1104 709 1334 728; x_wconf 68' lang='lat'><em>„„„„„</em></span> <span class='ocrx_word' id='word_1_20' title='bbox 1364 693 1421 754; x_wconf 87' lang='lat' dir='ltr'>per</span> 
     </span>
     <span class='ocr_line' id='line_1_4' title="bbox 307 773 1420 861; baseline 0.004 -26"><span class='ocrx_word' id='word_1_21' title='bbox 307 775 409 836; x_wconf 87' lang='lat' dir='ltr'>totam</span> <span class='ocrx_word' id='word_1_22' title='bbox 431 773 597 857; x_wconf 75' lang='lat' dir='ltr'><strong>stropham</strong></span> <span class='ocrx_word' id='word_1_23' title='bbox 621 776 735 858; x_wconf 83' lang='lat' dir='ltr'>regnat</span> <span class='ocrx_word' id='word_1_24' title='bbox 757 774 914 859; x_wconf 87' lang='lat' dir='ltr'>semelque</span> <span class='ocrx_word' id='word_1_25' title='bbox 936 775 1024 858; x_wconf 89' lang='lat' dir='ltr'>puris</span> <span class='ocrx_word' id='word_1_26' title='bbox 1046 775 1156 840; x_wconf 90' lang='lat' dir='ltr'>ionicis</span> <span class='ocrx_word' id='word_1_27' title='bbox 1179 798 1207 842; x_wconf 87' lang='lat' dir='ltr'>v.</span> <span class='ocrx_word' id='word_1_28' title='bbox 1221 776 1296 843; x_wconf 87' lang='grc'><strong>398.</strong></span> <span class='ocrx_word' id='word_1_29' title='bbox 1311 777 1420 861; x_wconf 86' lang='grc' dir='ltr'><strong>δακρυ-</strong></span> 
     </span>
     <span class='ocr_line' id='line_1_5' title="bbox 307 877 1421 967; baseline 0.004 -24"><span class='ocrx_word' id='word_1_30' title='bbox 307 884 460 944; x_wconf 88' lang='grc' dir='ltr'><strong>σίστακτον</strong></span> <span class='ocrx_word' id='word_1_31' title='bbox 489 878 538 944; x_wconf 77' lang='grc' dir='ltr'>ἀπ’</span> <span class='ocrx_word' id='word_1_32' title='bbox 564 877 659 947; x_wconf 83' lang='grc' dir='ltr'><strong>ὄσσων</strong></span> <span class='ocrx_word' id='word_1_33' title='bbox 685 877 807 965; x_wconf 79' lang='grc' dir='ltr'><strong>ῥαδινῶν</strong></span> <span class='ocrx_word' id='word_1_34' title='bbox 829 878 1014 967; x_wconf 74' lang='grc' dir='ltr'><strong>δἐἰ-βορένα</strong></span> <span class='ocrx_word' id='word_1_35' title='bbox 1061 879 1119 946; x_wconf 81' lang='lat' dir='ltr'>cui</span> <span class='ocrx_word' id='word_1_36' title='bbox 1141 883 1290 966; x_wconf 80' lang='lat' dir='ltr'>strophae</span> <span class='ocrx_word' id='word_1_37' title='bbox 1311 883 1421 948; x_wconf 89' lang='lat' dir='ltr'>similis</span> 
     </span>
     <span class='ocr_line' id='line_1_6' title="bbox 307 987 1420 1074; baseline 0.004 -23"><span class='ocrx_word' id='word_1_38' title='bbox 307 989 341 1052; x_wconf 90' lang='lat' dir='ltr'>in</span> <span class='ocrx_word' id='word_1_39' title='bbox 369 987 514 1052; x_wconf 88' lang='lat' dir='ltr'>omnibus</span> <span class='ocrx_word' id='word_1_40' title='bbox 536 988 732 1072; x_wconf 74' lang='lat' dir='ltr'>tragicorum</span> <span class='ocrx_word' id='word_1_41' title='bbox 753 988 947 1054; x_wconf 82' lang='lat' dir='ltr'>Graecorum</span> <span class='ocrx_word' id='word_1_42' title='bbox 969 989 1115 1073; x_wconf 77' lang='lat' dir='ltr'>operibus</span> <span class='ocrx_word' id='word_1_43' title='bbox 1138 1012 1202 1055; x_wconf 87' lang='grc'>000</span> <span class='ocrx_word' id='word_1_44' title='bbox 1224 993 1365 1074; x_wconf 81' lang='lat' dir='ltr'>superest</span> <span class='ocrx_word' id='word_1_45' title='bbox 1386 991 1420 1056; x_wconf 90' lang='lat' dir='ltr'>iu</span> 
     </span>
     <span class='ocr_line' id='line_1_7' title="bbox 309 1093 1420 1180; baseline 0.004 -22"><span class='ocrx_word' id='word_1_46' title='bbox 309 1093 475 1179; x_wconf 82' lang='lat' dir='ltr'>Sophoclis</span> <span class='ocrx_word' id='word_1_47' title='bbox 498 1093 638 1174; x_wconf 77' lang='lat' dir='ltr'>Electra,</span> <span class='ocrx_word' id='word_1_48' title='bbox 662 1117 757 1179; x_wconf 88' lang='lat' dir='ltr'>quam</span> <span class='ocrx_word' id='word_1_49' title='bbox 781 1096 845 1160; x_wconf 90' lang='lat' dir='ltr'>iam</span> <span class='ocrx_word' id='word_1_50' title='bbox 868 1095 909 1161; x_wconf 87' lang='lat' dir='ltr'>ab</span> <span class='ocrx_word' id='word_1_51' title='bbox 931 1094 1116 1161; x_wconf 81' lang='lat' dir='ltr'>Hermanno</span> <span class='ocrx_word' id='word_1_52' title='bbox 1138 1095 1303 1162; x_wconf 85' lang='lat' dir='ltr'>laudatam</span> <span class='ocrx_word' id='word_1_53' title='bbox 1324 1119 1420 1180; x_wconf 88' lang='lat' dir='ltr'>supra</span> 
     </span>
     <span class='ocr_line' id='line_1_8' title="bbox 307 1201 1420 1290; baseline 0.001 -23"><span class='ocrx_word' id='word_1_54' title='bbox 307 1202 629 1267; x_wconf 79' lang='lat' dir='ltr'>commemoravimus.</span> <span class='ocrx_word' id='word_1_55' title='bbox 676 1201 744 1277; x_wconf 79' lang='lat' dir='ltr'>Qua</span> <span class='ocrx_word' id='word_1_56' title='bbox 767 1202 802 1266; x_wconf 89' lang='lat' dir='ltr'>in</span> <span class='ocrx_word' id='word_1_57' title='bbox 824 1202 957 1286; x_wconf 86' lang='lat' dir='ltr'>stropha</span> <span class='ocrx_word' id='word_1_58' title='bbox 986 1201 1187 1290; x_wconf 78' lang='grc' dir='ltr'><strong>άνακλώμενοι</strong></span> <span class='ocrx_word' id='word_1_59' title='bbox 1217 1203 1325 1268; x_wconf 85' lang='lat' dir='ltr'>eadem</span> <span class='ocrx_word' id='word_1_60' title='bbox 1348 1226 1420 1288; x_wconf 91' lang='lat' dir='ltr'>per-</span> 
     </span>
     <span class='ocr_line' id='line_1_9' title="bbox 306 1307 1421 1396; baseline 0.003 -22"><span class='ocrx_word' id='word_1_61' title='bbox 306 1309 464 1392; x_wconf 84' lang='lat' dir='ltr'>petuitate</span> <span class='ocrx_word' id='word_1_62' title='bbox 494 1307 699 1386; x_wconf 77' lang='lat' dir='ltr'>adhibentur,</span> <span class='ocrx_word' id='word_1_63' title='bbox 732 1309 792 1373; x_wconf 92' lang='lat' dir='ltr'>nisi</span> <span class='ocrx_word' id='word_1_64' title='bbox 825 1308 910 1393; x_wconf 92' lang='lat' dir='ltr'>quod</span> <span class='ocrx_word' id='word_1_65' title='bbox 937 1309 1040 1375; x_wconf 87' lang='lat' dir='ltr'>media</span> <span class='ocrx_word' id='word_1_66' title='bbox 1063 1331 1135 1394; x_wconf 90' lang='lat' dir='ltr'>pars</span> <span class='ocrx_word' id='word_1_67' title='bbox 1158 1310 1342 1396; x_wconf 79' lang='lat' dir='ltr'>legacedica</span> <span class='ocrx_word' id='word_1_68' title='bbox 1364 1314 1421 1378; x_wconf 89' lang='lat' dir='ltr'>est.</span> 
     </span>
     <span class='ocr_line' id='line_1_10' title="bbox 306 1415 1420 1500; baseline 0.001 -21"><span class='ocrx_word' id='word_1_69' title='bbox 306 1415 414 1500; x_wconf 91' lang='lat' dir='ltr'>Ipsum</span> <span class='ocrx_word' id='word_1_70' title='bbox 438 1417 530 1481; x_wconf 91' lang='lat' dir='ltr'>colon</span> <span class='ocrx_word' id='word_1_71' title='bbox 553 1416 717 1500; x_wconf 82' lang='grc' dir='ltr'><strong>προῳδικάν</strong></span> <span class='ocrx_word' id='word_1_72' title='bbox 747 1431 766 1474; x_wconf 76' lang='grc' dir='ltr'>ῑ</span> <span class='ocrx_word' id='word_1_73' title='bbox 800 1457 819 1465; x_wconf 98' lang='grc'><strong>-</strong></span> <span class='ocrx_word' id='word_1_74' title='bbox 855 1461 870 1474; x_wconf 54' lang='grc' dir='ltr'>ν</span> <span class='ocrx_word' id='word_1_75' title='bbox 906 1457 925 1466; x_wconf 91' lang='grc'>-</span> <span class='ocrx_word' id='word_1_76' title='bbox 959 1456 978 1465; x_wconf 87' lang='grc'>-</span> <span class='ocrx_word' id='word_1_77' title='bbox 1025 1416 1089 1482; x_wconf 92' lang='grc'><strong>1001</strong></span> <span class='ocrx_word' id='word_1_78' title='bbox 1112 1416 1280 1500; x_wconf 71' lang='grc'><strong>1100100101</strong></span> <span class='ocrx_word' id='word_1_79' title='bbox 1302 1421 1330 1481; x_wconf 87' lang='grc' dir='ltr'>τί</span> <span class='ocrx_word' id='word_1_80' title='bbox 1351 1418 1420 1490; x_wconf 84' lang='grc' dir='ltr'><strong>τοὺς</strong></span> 
     </span>
     <span class='ocr_line' id='line_1_11' title="bbox 306 1520 1421 1610; baseline 0.002 -24"><span class='ocrx_word' id='word_1_81' title='bbox 306 1522 421 1590; x_wconf 76' lang='grc' dir='ltr'><strong>ἄνωθεν</strong></span> <span class='ocrx_word' id='word_1_82' title='bbox 448 1545 519 1588; x_wconf 93' lang='lat' dir='ltr'>cum</span> <span class='ocrx_word' id='word_1_83' title='bbox 550 1522 610 1588; x_wconf 92' lang='lat' dir='ltr'>hoc</span> <span class='ocrx_word' id='word_1_84' title='bbox 642 1524 789 1588; x_wconf 85' lang='lat' dir='ltr'>convenit</span> <span class='ocrx_word' id='word_1_85' title='bbox 820 1528 908 1589; x_wconf 81' lang='grc' dir='ltr'>στένω</span> <span class='ocrx_word' id='word_1_86' title='bbox 939 1546 971 1586; x_wconf 85' lang='grc' dir='ltr'>σε</span> <span class='ocrx_word' id='word_1_87' title='bbox 998 1535 1053 1597; x_wconf 85' lang='grc' dir='ltr'>τᾶς</span> <span class='ocrx_word' id='word_1_88' title='bbox 1076 1520 1263 1610; x_wconf 73' lang='grc' dir='ltr'><strong>ο1-λομὲνας.</strong></span> <span class='ocrx_word' id='word_1_89' title='bbox 1308 1523 1421 1609; x_wconf 88' lang='lat' dir='ltr'>Neque</span> 
     </span>
     <span class='ocr_line' id='line_1_12' title="bbox 306 1629 1421 1718; baseline 0 -23"><span class='ocrx_word' id='word_1_90' title='bbox 306 1630 482 1717; x_wconf 77' lang='lat' dir='ltr'>Aeschylus</span> <span class='ocrx_word' id='word_1_91' title='bbox 514 1630 597 1694; x_wconf 90' lang='lat' dir='ltr'>idem</span> <span class='ocrx_word' id='word_1_92' title='bbox 629 1629 705 1694; x_wconf 91' lang='lat' dir='ltr'>alibi</span> <span class='ocrx_word' id='word_1_93' title='bbox 733 1629 936 1708; x_wconf 86' lang='grc'><strong>00010101,</strong></span> <span class='ocrx_word' id='word_1_94' title='bbox 968 1634 1005 1694; x_wconf 91' lang='lat' dir='ltr'>ut</span> <span class='ocrx_word' id='word_1_95' title='bbox 1027 1631 1061 1695; x_wconf 91' lang='lat' dir='ltr'>in</span> <span class='ocrx_word' id='word_1_96' title='bbox 1085 1630 1172 1714; x_wconf 81' lang='lat' dir='ltr'>Sept.</span> <span class='ocrx_word' id='word_1_97' title='bbox 1197 1633 1271 1698; x_wconf 80' lang='lat'><strong>720.</strong></span> <span class='ocrx_word' id='word_1_98' title='bbox 1294 1635 1421 1718; x_wconf 79' lang='grc' dir='ltr'><strong>ττέιρρικοι</strong></span> 
     </span>
    </p>
   </div>
   <div class='ocr_carea' id='block_1_3' title="bbox 305 1736 1553 1822">
    <p class='ocr_par' dir='ltr' id='par_1_3' title="bbox 305 1736 1553 1822">
     <span class='ocr_line' id='line_1_13' title="bbox 305 1736 1553 1822; baseline 0 -20"><span class='ocrx_word' id='word_1_99' title='bbox 305 1741 360 1803; x_wconf 87' lang='grc' dir='ltr'>τὰν</span> <span class='ocrx_word' id='word_1_100' title='bbox 391 1736 585 1803; x_wconf 78' lang='grc' dir='ltr'><strong>ὢ-λεσίοικον.</strong></span> <span class='ocrx_word' id='word_1_101' title='bbox 632 1737 722 1813; x_wconf 82' lang='lat' dir='ltr'>Quod</span> <span class='ocrx_word' id='word_1_102' title='bbox 755 1737 795 1801; x_wconf 92' lang='lat' dir='ltr'>ad</span> <span class='ocrx_word' id='word_1_103' title='bbox 826 1737 975 1820; x_wconf 88' lang='lat' dir='ltr'>strophae</span> <span class='ocrx_word' id='word_1_104' title='bbox 1006 1738 1266 1822; x_wconf 78' lang='lat' dir='ltr'>compositionem</span> <span class='ocrx_word' id='word_1_105' title='bbox 1293 1739 1418 1816; x_wconf 84' lang='lat' dir='ltr'>attinet,</span> <span class='ocrx_word' id='word_1_106' title='bbox 1552 1799 1553 1802; x_wconf 74' lang='grc'><strong>,</strong></span> 
     </span>
    </p>
   </div>
   <div class='ocr_carea' id='block_1_4' title="bbox 306 1844 1420 2036">
    <p class='ocr_par' dir='ltr' id='par_1_4' title="bbox 306 1844 1420 2036">
     <span class='ocr_line' id='line_1_14' title="bbox 307 1844 1418 1929; baseline 0.002 -20"><span class='ocrx_word' id='word_1_107' title='bbox 307 1845 521 1929; x_wconf 86' lang='lat' dir='ltr'>unusquisque</span> <span class='ocrx_word' id='word_1_108' title='bbox 553 1844 684 1908; x_wconf 90' lang='lat' dir='ltr'>dimeter</span> <span class='ocrx_word' id='word_1_109' title='bbox 716 1844 754 1907; x_wconf 92' lang='lat' dir='ltr'>fit</span> <span class='ocrx_word' id='word_1_110' title='bbox 785 1865 891 1909; x_wconf 86' lang='lat' dir='ltr'>versus</span> <span class='ocrx_word' id='word_1_111' title='bbox 924 1845 1060 1928; x_wconf 87' lang='lat' dir='ltr'>exceptis</span> <span class='ocrx_word' id='word_1_112' title='bbox 1094 1846 1237 1909; x_wconf 81' lang='lat' dir='ltr'>trimetro</span> <span class='ocrx_word' id='word_1_113' title='bbox 1272 1868 1299 1909; x_wconf 91' lang='lat' dir='ltr'>v.</span> <span class='ocrx_word' id='word_1_114' title='bbox 1334 1846 1418 1924; x_wconf 83' lang='lat'>399,</span> 
     </span>
     <span class='ocr_line' id='line_1_15' title="bbox 306 1951 1420 2036; baseline -0.002 -19"><span class='ocrx_word' id='word_1_115' title='bbox 306 1953 362 2036; x_wconf 91' lang='lat' dir='ltr'>qui</span> <span class='ocrx_word' id='word_1_116' title='bbox 389 1974 461 2016; x_wconf 90' lang='lat' dir='ltr'>eum</span> <span class='ocrx_word' id='word_1_117' title='bbox 490 1951 625 2018; x_wconf 90' lang='lat' dir='ltr'>dimetro</span> <span class='ocrx_word' id='word_1_118' title='bbox 647 1951 681 2015; x_wconf 94' lang='lat' dir='ltr'>in</span> <span class='ocrx_word' id='word_1_119' title='bbox 705 1973 803 2015; x_wconf 90' lang='lat' dir='ltr'>unum</span> <span class='ocrx_word' id='word_1_120' title='bbox 828 1971 952 2016; x_wconf 87' lang='lat' dir='ltr'>versum</span> <span class='ocrx_word' id='word_1_121' title='bbox 975 1951 1173 2016; x_wconf 87' lang='lat' dir='ltr'>consociatus</span> <span class='ocrx_word' id='word_1_122' title='bbox 1195 1955 1257 2016; x_wconf 87' lang='lat' dir='ltr'>est:</span> <span class='ocrx_word' id='word_1_123' title='bbox 1282 1952 1420 2036; x_wconf 86' lang='grc' dir='ltr'><strong>δακρυσί-</strong></span> 
     </span>
    </p>
   </div>
   <div class='ocr_carea' id='block_1_5' title="bbox 307 2021 1553 2145">
    <p class='ocr_par' dir='ltr' id='par_1_5' title="bbox 307 2021 1553 2145">
     <span class='ocr_line' id='line_1_16' title="bbox 307 2021 1553 2145; baseline 0.002 -23"><span class='ocrx_word' id='word_1_124' title='bbox 307 2080 432 2124; x_wconf 85' lang='grc' dir='ltr'><strong>στακτον</strong></span> <span class='ocrx_word' id='word_1_125' title='bbox 455 2056 506 2121; x_wconf 83' lang='grc' dir='ltr'>ἀπ’</span> <span class='ocrx_word' id='word_1_126' title='bbox 531 2057 626 2123; x_wconf 85' lang='grc' dir='ltr'><strong>ὄσσων</strong></span> <span class='ocrx_word' id='word_1_127' title='bbox 648 2055 771 2141; x_wconf 79' lang='grc' dir='ltr'><strong>ῥαδινῶν</strong></span> <span class='ocrx_word' id='word_1_128' title='bbox 793 2055 953 2145; x_wconf 75' lang='grc' dir='ltr'><strong>δἐἰβομένα</strong></span> <span class='ocrx_word' id='word_1_129' title='bbox 975 2055 1042 2142; x_wconf 82' lang='grc' dir='ltr'><strong>ῥέος</strong></span> <span class='ocrx_word' id='word_1_130' title='bbox 1065 2063 1197 2142; x_wconf 82' lang='grc' dir='ltr'><strong>παρειάν,</strong></span> <span class='ocrx_word' id='word_1_131' title='bbox 1230 2063 1262 2124; x_wconf 89' lang='grc'>01</span> <span class='ocrx_word' id='word_1_132' title='bbox 1284 2059 1419 2125; x_wconf 89' lang='lat' dir='ltr'>dimetro</span> <span class='ocrx_word' id='word_1_133' title='bbox 1552 2021 1553 2082; x_wconf 46' lang='lat' dir='ltr'>l</span> 
     </span>
    </p>
   </div>
   <div class='ocr_carea' id='block_1_6' title="bbox 306 2165 1419 2250">
    <p class='ocr_par' dir='ltr' id='par_1_6' title="bbox 306 2165 1419 2250">
     <span class='ocr_line' id='line_1_17' title="bbox 306 2165 1419 2250; baseline 0.001 -21"><span class='ocrx_word' id='word_1_134' title='bbox 306 2187 335 2232; x_wconf 90' lang='lat' dir='ltr'>v.</span> <span class='ocrx_word' id='word_1_135' title='bbox 359 2165 443 2244; x_wconf 78' lang='lat'>404,</span> <span class='ocrx_word' id='word_1_136' title='bbox 476 2165 532 2249; x_wconf 90' lang='lat' dir='ltr'>qui</span> <span class='ocrx_word' id='word_1_137' title='bbox 563 2167 601 2229; x_wconf 97' lang='grc'>01</span> <span class='ocrx_word' id='word_1_138' title='bbox 632 2187 670 2229; x_wconf 82' lang='lat' dir='ltr'>ex</span> <span class='ocrx_word' id='word_1_139' title='bbox 701 2165 902 2248; x_wconf 88' lang='lat' dir='ltr'>antistrophe</span> <span class='ocrx_word' id='word_1_140' title='bbox 936 2166 1147 2248; x_wconf 85' lang='lat' dir='ltr'>consequitur,</span> <span class='ocrx_word' id='word_1_141' title='bbox 1180 2187 1252 2231; x_wconf 91' lang='lat' dir='ltr'>cum</span> <span class='ocrx_word' id='word_1_142' title='bbox 1274 2166 1419 2250; x_wconf 84' lang='lat' dir='ltr'>proximo</span> 
     </span>
    </p>
   </div>
   <div class='ocr_carea' id='block_1_7' title="bbox 306 2265 1553 2359">
    <p class='ocr_par' dir='ltr' id='par_1_7' title="bbox 306 2265 1553 2359">
     <span class='ocr_line' id='line_1_18' title="bbox 306 2265 1553 2359; baseline 0.003 -25"><span class='ocrx_word' id='word_1_143' title='bbox 306 2270 441 2336; x_wconf 89' lang='lat' dir='ltr'>dimetro</span> <span class='ocrx_word' id='word_1_144' title='bbox 472 2293 574 2336; x_wconf 91' lang='lat' dir='ltr'>unum</span> <span class='ocrx_word' id='word_1_145' title='bbox 604 2293 729 2336; x_wconf 89' lang='lat' dir='ltr'>versum</span> <span class='ocrx_word' id='word_1_146' title='bbox 761 2271 874 2336; x_wconf 83' lang='lat' dir='ltr'>efficit:</span> <span class='ocrx_word' id='word_1_147' title='bbox 905 2265 1089 2359; x_wconf 74' lang='grc' dir='ltr'><strong>10000οαον</strong></span> <span class='ocrx_word' id='word_1_148' title='bbox 1119 2275 1202 2346; x_wconf 81' lang='grc' dir='ltr'><strong>θεοῖς</strong></span> <span class='ocrx_word' id='word_1_149' title='bbox 1233 2283 1295 2346; x_wconf 87' lang='grc' dir='ltr'><strong>τοῖς</strong></span> <span class='ocrx_word' id='word_1_150' title='bbox 1326 2277 1419 2358; x_wconf 86' lang='grc' dir='ltr'><strong>πάρος</strong></span> <span class='ocrx_word' id='word_1_151' title='bbox 1552 2297 1553 2300; x_wconf 64' lang='grc'>’</span> 
     </span>
    </p>
   </div>
   <div class='ocr_carea' id='block_1_8' title="bbox 306 2375 1422 2573">
    <p class='ocr_par' dir='ltr' id='par_1_8' title="bbox 306 2375 1422 2573">
     <span class='ocr_line' id='line_1_19' title="bbox 306 2375 1419 2465; baseline 0.001 -22"><span class='ocrx_word' id='word_1_152' title='bbox 306 2375 474 2443; x_wconf 75' lang='grc' dir='ltr'><strong>ἐνδείκνυσιν</strong></span> <span class='ocrx_word' id='word_1_153' title='bbox 497 2375 618 2465; x_wconf 80' lang='grc' dir='ltr'><strong>αἰχμάν.</strong></span> <span class='ocrx_word' id='word_1_154' title='bbox 665 2377 785 2444; x_wconf 82' lang='lat' dir='ltr'>Eadem</span> <span class='ocrx_word' id='word_1_155' title='bbox 815 2378 952 2443; x_wconf 84' lang='lat' dir='ltr'>trimetri</span> <span class='ocrx_word' id='word_1_156' title='bbox 980 2400 1051 2443; x_wconf 92' lang='lat' dir='ltr'>cum</span> <span class='ocrx_word' id='word_1_157' title='bbox 1075 2379 1207 2444; x_wconf 90' lang='lat' dir='ltr'>dimetro</span> <span class='ocrx_word' id='word_1_158' title='bbox 1230 2381 1419 2445; x_wconf 78' lang='lat' dir='ltr'>consociatio</span> 
     </span>
     <span class='ocr_line' id='line_1_20' title="bbox 306 2484 1422 2573; baseline 0 -22"><span class='ocrx_word' id='word_1_159' title='bbox 306 2487 442 2551; x_wconf 90' lang='lat' dir='ltr'>occurrit</span> <span class='ocrx_word' id='word_1_160' title='bbox 478 2484 568 2551; x_wconf 90' lang='lat' dir='ltr'>nobis</span> <span class='ocrx_word' id='word_1_161' title='bbox 602 2487 637 2550; x_wconf 90' lang='grc'>10</span> <span class='ocrx_word' id='word_1_162' title='bbox 661 2484 775 2571; x_wconf 86' lang='lat' dir='ltr'>Agam.</span> <span class='ocrx_word' id='word_1_163' title='bbox 814 2487 888 2552; x_wconf 82' lang='grc'><strong>111.</strong></span> <span class='ocrx_word' id='word_1_164' title='bbox 927 2487 1112 2573; x_wconf 72' lang='grc' dir='ltr'><strong>πολύθρηνον</strong></span> <span class='ocrx_word' id='word_1_165' title='bbox 1140 2491 1217 2573; x_wconf 71' lang='grc' dir='ltr'>μέγα</span> <span class='ocrx_word' id='word_1_166' title='bbox 1243 2507 1299 2550; x_wconf 85' lang='grc' dir='ltr'>που</span> <span class='ocrx_word' id='word_1_167' title='bbox 1335 2491 1422 2551; x_wconf 75' lang='grc' dir='ltr'><strong>στένει</strong></span> 
     </span>
    </p>
   </div>
   <div class='ocr_carea' id='block_1_9' title="bbox 305 2577 1552 2681">
    <p class='ocr_par' dir='ltr' id='par_1_9' title="bbox 305 2577 1552 2681">
     <span class='ocr_line' id='line_1_21' title="bbox 305 2577 1552 2681; baseline -0.002 -23"><span class='ocrx_word' id='word_1_168' title='bbox 305 2595 507 2681; x_wconf 74' lang='grc' dir='ltr'><strong>κικλήσκουσα</strong></span> <span class='ocrx_word' id='word_1_169' title='bbox 538 2590 632 2677; x_wconf 80' lang='grc' dir='ltr'><strong>Πάριν</strong></span> <span class='ocrx_word' id='word_1_170' title='bbox 662 2596 711 2656; x_wconf 85' lang='grc' dir='ltr'>τὸν</span> <span class='ocrx_word' id='word_1_171' title='bbox 741 2592 934 2676; x_wconf 83' lang='grc' dir='ltr'><strong>αἰνόλεκτρον.</strong></span> <span class='ocrx_word' id='word_1_172' title='bbox 979 2591 1095 2657; x_wconf 86' lang='lat' dir='ltr'>Versus</span> <span class='ocrx_word' id='word_1_173' title='bbox 1126 2593 1187 2678; x_wconf 91' lang='lat' dir='ltr'>ipsi</span> <span class='ocrx_word' id='word_1_174' title='bbox 1220 2591 1421 2678; x_wconf 80' lang='grc' dir='ltr'><strong>ἀνακλώμεοι</strong></span> <span class='ocrx_word' id='word_1_175' title='bbox 1551 2577 1552 2600; x_wconf 48' lang='lat'>³</span> 
     </span>
    </p>
   </div>
   <div class='ocr_carea' id='block_1_10' title="bbox 305 2699 1421 3215">
    <p class='ocr_par' dir='ltr' id='par_1_10' title="bbox 305 2699 1421 3215">
     <span class='ocr_line' id='line_1_22' title="bbox 305 2699 1420 2785; baseline -0.004 -17"><span class='ocrx_word' id='word_1_176' title='bbox 305 2722 412 2768; x_wconf 83' lang='lat' dir='ltr'>severa</span> <span class='ocrx_word' id='word_1_177' title='bbox 435 2699 692 2784; x_wconf 85' lang='lat' dir='ltr'>responsionem</span> <span class='ocrx_word' id='word_1_178' title='bbox 715 2699 915 2782; x_wconf 85' lang='lat' dir='ltr'>antistrophe</span> <span class='ocrx_word' id='word_1_179' title='bbox 934 2701 1129 2783; x_wconf 90' lang='lat' dir='ltr'>repetuntur,</span> <span class='ocrx_word' id='word_1_180' title='bbox 1153 2701 1232 2785; x_wconf 90' lang='lat' dir='ltr'>quin</span> <span class='ocrx_word' id='word_1_181' title='bbox 1246 2701 1420 2784; x_wconf 66' lang='grc'><strong>011001001-</strong></span> 
     </span>
     <span class='ocr_line' id='line_1_23' title="bbox 306 2807 1409 2892; baseline -0.006 -20"><span class='ocrx_word' id='word_1_182' title='bbox 306 2809 380 2874; x_wconf 83' lang='lat' dir='ltr'>laba</span> <span class='ocrx_word' id='word_1_183' title='bbox 393 2807 621 2873; x_wconf 83' lang='lat' dir='ltr'>irrationabilis</span> <span class='ocrx_word' id='word_1_184' title='bbox 634 2807 764 2891; x_wconf 86' lang='lat' dir='ltr'>paeonis</span> <span class='ocrx_word' id='word_1_185' title='bbox 778 2807 952 2890; x_wconf 82' lang='lat' dir='ltr'>pentasemi</span> <span class='ocrx_word' id='word_1_186' title='bbox 975 2851 991 2865; x_wconf 51' lang='grc' dir='ltr'><strong>ο</strong></span> <span class='ocrx_word' id='word_1_187' title='bbox 1011 2852 1026 2864; x_wconf 51' lang='grc' dir='ltr'><strong>ο</strong></span> <span class='ocrx_word' id='word_1_188' title='bbox 1061 2848 1080 2856; x_wconf 86' lang='grc'><strong>-</strong></span> <span class='ocrx_word' id='word_1_189' title='bbox 1115 2848 1134 2856; x_wconf 96' lang='grc'>-</span> <span class='ocrx_word' id='word_1_190' title='bbox 1164 2829 1222 2892; x_wconf 91' lang='lat' dir='ltr'>pro</span> <span class='ocrx_word' id='word_1_191' title='bbox 1251 2851 1266 2866; x_wconf 52' lang='grc' dir='ltr'><strong>ο</strong></span> <span class='ocrx_word' id='word_1_192' title='bbox 1286 2853 1302 2866; x_wconf 51' lang='grc' dir='ltr'>ν</span> <span class='ocrx_word' id='word_1_193' title='bbox 1337 2848 1357 2857; x_wconf 90' lang='grc'><strong>-</strong></span> <span class='ocrx_word' id='word_1_194' title='bbox 1393 2853 1409 2866; x_wconf 66' lang='lat'><em>„</em></span> 
     </span>
     <span class='ocr_line' id='line_1_24' title="bbox 309 2913 1421 3000; baseline -0.001 -19"><span class='ocrx_word' id='word_1_195' title='bbox 309 2918 344 2981; x_wconf 92' lang='lat' dir='ltr'>in</span> <span class='ocrx_word' id='word_1_196' title='bbox 374 2915 507 3000; x_wconf 81' lang='lat' dir='ltr'>stropha</span> <span class='ocrx_word' id='word_1_197' title='bbox 538 2920 570 2980; x_wconf 88' lang='lat' dir='ltr'>et</span> <span class='ocrx_word' id='word_1_198' title='bbox 597 2915 798 2998; x_wconf 83' lang='lat' dir='ltr'>antistrophe</span> <span class='ocrx_word' id='word_1_199' title='bbox 820 2917 964 2979; x_wconf 86' lang='lat' dir='ltr'>servatur</span> <span class='ocrx_word' id='word_1_200' title='bbox 987 2935 1016 2978; x_wconf 88' lang='lat' dir='ltr'>v.</span> <span class='ocrx_word' id='word_1_201' title='bbox 1040 2915 1114 2981; x_wconf 81' lang='lat'>405.</span> <span class='ocrx_word' id='word_1_202' title='bbox 1137 2919 1231 2999; x_wconf 83' lang='grc' dir='ltr'><strong>πάρος</strong></span> <span class='ocrx_word' id='word_1_203' title='bbox 1254 2913 1421 2982; x_wconf 76' lang='grc' dir='ltr'><strong>ἐνδείκνυσιν</strong></span> 
     </span>
     <span class='ocr_line' id='line_1_25' title="bbox 307 3019 1420 3110; baseline 0 -24"><span class='ocrx_word' id='word_1_204' title='bbox 307 3021 429 3110; x_wconf 81' lang='grc' dir='ltr'><strong>αἰχμάν,</strong></span> <span class='ocrx_word' id='word_1_205' title='bbox 453 3023 528 3089; x_wconf 86' lang='grc'><strong>414.</strong></span> <span class='ocrx_word' id='word_1_206' title='bbox 552 3026 593 3109; x_wconf 81' lang='grc' dir='ltr'>τιή</span> <span class='ocrx_word' id='word_1_207' title='bbox 613 3019 618 3109; x_wconf 71' lang='lat' dir='ltr'>t</span> <span class='ocrx_word' id='word_1_208' title='bbox 639 3043 710 3107; x_wconf 80' lang='grc' dir='ltr'><strong>μασι</strong></span> <span class='ocrx_word' id='word_1_209' title='bbox 732 3025 927 3107; x_wconf 75' lang='grc' dir='ltr'><strong>συγκάμνουσι</strong></span> <span class='ocrx_word' id='word_1_210' title='bbox 948 3023 1060 3084; x_wconf 70' lang='lat' dir='ltr'>hautot</span> <span class='ocrx_word' id='word_1_211' title='bbox 1107 3022 1231 3100; x_wconf 78' lang='lat' dir='ltr'>Restat,</span> <span class='ocrx_word' id='word_1_212' title='bbox 1264 3026 1301 3086; x_wconf 89' lang='grc'>01</span> <span class='ocrx_word' id='word_1_213' title='bbox 1324 3044 1420 3106; x_wconf 88' lang='lat' dir='ltr'>quam</span> 
     </span>
     <span class='ocr_line' id='line_1_26' title="bbox 307 3127 1419 3215; baseline -0.002 -20"><span class='ocrx_word' id='word_1_214' title='bbox 307 3154 346 3196; x_wconf 85' lang='lat' dir='ltr'>ex</span> <span class='ocrx_word' id='word_1_215' title='bbox 377 3129 527 3215; x_wconf 89' lang='lat' dir='ltr'>strophae</span> <span class='ocrx_word' id='word_1_216' title='bbox 559 3129 786 3213; x_wconf 90' lang='lat' dir='ltr'>compositione</span> <span class='ocrx_word' id='word_1_217' title='bbox 818 3127 989 3193; x_wconf 88' lang='lat' dir='ltr'>habeamus</span> <span class='ocrx_word' id='word_1_218' title='bbox 1019 3129 1210 3193; x_wconf 87' lang='lat' dir='ltr'>sententiam</span> <span class='ocrx_word' id='word_1_219' title='bbox 1232 3130 1419 3212; x_wconf 85' lang='lat' dir='ltr'>aperiamus.</span> 
     </span>
    </p>
   </div>
   <div class='ocr_carea' id='block_1_11' title="bbox 306 3236 1550 3322">
    <p class='ocr_par' dir='ltr' id='par_1_11' title="bbox 306 3236 1550 3322">
     <span class='ocr_line' id='line_1_27' title="bbox 306 3236 1550 3322; baseline -0.001 -19"><span class='ocrx_word' id='word_1_220' title='bbox 306 3239 463 3303; x_wconf 90' lang='lat' dir='ltr'>Discimus</span> <span class='ocrx_word' id='word_1_221' title='bbox 486 3237 571 3302; x_wconf 90' lang='lat' dir='ltr'>enim</span> <span class='ocrx_word' id='word_1_222' title='bbox 594 3260 632 3302; x_wconf 88' lang='lat' dir='ltr'>ex</span> <span class='ocrx_word' id='word_1_223' title='bbox 654 3236 806 3320; x_wconf 88' lang='lat' dir='ltr'>strophis,</span> <span class='ocrx_word' id='word_1_224' title='bbox 840 3257 920 3319; x_wconf 87' lang='lat' dir='ltr'>quae</span> <span class='ocrx_word' id='word_1_225' title='bbox 943 3257 1076 3300; x_wconf 90' lang='lat' dir='ltr'>numero</span> <span class='ocrx_word' id='word_1_226' title='bbox 1100 3237 1203 3301; x_wconf 91' lang='lat' dir='ltr'>ionico</span> <span class='ocrx_word' id='word_1_227' title='bbox 1226 3237 1420 3322; x_wconf 88' lang='lat' dir='ltr'>compositae</span> <span class='ocrx_word' id='word_1_228' title='bbox 1549 3255 1550 3258; x_wconf 73' lang='grc'>’</span> 
     </span>
    </p>
   </div>
   <div class='ocr_carea' id='block_1_12' title="bbox 306 3341 1420 3644">
    <p class='ocr_par' dir='ltr' id='par_1_12' title="bbox 306 3341 1420 3644">
     <span class='ocr_line' id='line_1_28' title="bbox 306 3341 1420 3431; baseline 0 -23"><span class='ocrx_word' id='word_1_229' title='bbox 306 3350 394 3425; x_wconf 90' lang='grc'><strong>0001,</strong></span> <span class='ocrx_word' id='word_1_230' title='bbox 428 3367 494 3411; x_wconf 88' lang='grc'>000</span> <span class='ocrx_word' id='word_1_231' title='bbox 526 3346 728 3428; x_wconf 88' lang='lat' dir='ltr'>aspernatum</span> <span class='ocrx_word' id='word_1_232' title='bbox 761 3365 825 3408; x_wconf 88' lang='lat' dir='ltr'>esse</span> <span class='ocrx_word' id='word_1_233' title='bbox 847 3343 1038 3425; x_wconf 88' lang='lat' dir='ltr'>Aeschylum</span> <span class='ocrx_word' id='word_1_234' title='bbox 1071 3341 1296 3431; x_wconf 72' lang='grc' dir='ltr'><strong>άνακλωρένους</strong></span> <span class='ocrx_word' id='word_1_235' title='bbox 1328 3366 1351 3410; x_wconf 88' lang='lat' dir='ltr'>s.</span> <span class='ocrx_word' id='word_1_236' title='bbox 1383 3347 1420 3408; x_wconf 92' lang='grc'>01</span> 
     </span>
     <span class='ocr_line' id='line_1_29' title="bbox 307 3447 1420 3539; baseline -0.003 -22"><span class='ocrx_word' id='word_1_237' title='bbox 307 3474 380 3517; x_wconf 91' lang='lat' dir='ltr'>cum</span> <span class='ocrx_word' id='word_1_238' title='bbox 403 3451 638 3539; x_wconf 75' lang='lat' dir='ltr'>Hephaestione</span> <span class='ocrx_word' id='word_1_239' title='bbox 666 3451 797 3532; x_wconf 87' lang='lat' dir='ltr'>loquar,</span> <span class='ocrx_word' id='word_1_240' title='bbox 829 3454 862 3514; x_wconf 85' lang='grc' dir='ltr'>τὸ</span> <span class='ocrx_word' id='word_1_241' title='bbox 886 3447 935 3512; x_wconf 76' lang='grc' dir='ltr'>ἀπ’</span> <span class='ocrx_word' id='word_1_242' title='bbox 957 3447 1116 3523; x_wconf 77' lang='grc' dir='ltr'><strong>ἐλάσσονος</strong></span> <span class='ocrx_word' id='word_1_243' title='bbox 1137 3447 1251 3515; x_wconf 82' lang='grc' dir='ltr'><strong>ἰωνικὸν</strong></span> <span class='ocrx_word' id='word_1_244' title='bbox 1274 3449 1420 3537; x_wconf 74' lang='grc' dir='ltr'><strong>ἐπίμικτον</strong></span> 
     </span>
     <span class='ocr_line' id='line_1_30' title="bbox 306 3557 1417 3644; baseline 0 -20"><span class='ocrx_word' id='word_1_245' title='bbox 306 3561 380 3643; x_wconf 74' lang='grc' dir='ltr'><strong>πρὸς</strong></span> <span class='ocrx_word' id='word_1_246' title='bbox 401 3561 456 3631; x_wconf 87' lang='grc' dir='ltr'>τὰς</span> <span class='ocrx_word' id='word_1_247' title='bbox 478 3560 644 3644; x_wconf 85' lang='grc' dir='ltr'><strong>τροχαῖκὰς</strong></span> <span class='ocrx_word' id='word_1_248' title='bbox 667 3557 813 3632; x_wconf 78' lang='grc' dir='ltr'><strong>διποδίας,</strong></span> <span class='ocrx_word' id='word_1_249' title='bbox 837 3559 978 3621; x_wconf 87' lang='lat' dir='ltr'>attamen</span> <span class='ocrx_word' id='word_1_250' title='bbox 1002 3557 1159 3622; x_wconf 85' lang='lat' dir='ltr'>rarissime</span> <span class='ocrx_word' id='word_1_251' title='bbox 1180 3557 1243 3622; x_wconf 88' lang='lat' dir='ltr'>illis</span> <span class='ocrx_word' id='word_1_252' title='bbox 1266 3579 1339 3622; x_wconf 85' lang='lat' dir='ltr'>usus</span> <span class='ocrx_word' id='word_1_253' title='bbox 1363 3564 1417 3636; x_wconf 87' lang='lat' dir='ltr'>est,</span> 
     </span>
    </p>
   </div>
   <div class='ocr_carea' id='block_1_13' title="bbox 308 3663 1549 3751">
    <p class='ocr_par' dir='ltr' id='par_1_13' title="bbox 308 3663 1549 3751">
     <span class='ocr_line' id='line_1_31' title="bbox 308 3663 1549 3751; baseline 0 -22"><span class='ocrx_word' id='word_1_254' title='bbox 308 3671 345 3729; x_wconf 90' lang='lat' dir='ltr'>ut</span> <span class='ocrx_word' id='word_1_255' title='bbox 377 3686 508 3730; x_wconf 89' lang='lat' dir='ltr'>numero</span> <span class='ocrx_word' id='word_1_256' title='bbox 532 3664 634 3728; x_wconf 90' lang='lat' dir='ltr'>multo</span> <span class='ocrx_word' id='word_1_257' title='bbox 658 3664 821 3747; x_wconf 85' lang='lat' dir='ltr'>pauciores</span> <span class='ocrx_word' id='word_1_258' title='bbox 843 3663 908 3728; x_wconf 92' lang='lat' dir='ltr'>sint</span> <span class='ocrx_word' id='word_1_259' title='bbox 930 3664 1018 3747; x_wconf 88' lang='lat' dir='ltr'>puris</span> <span class='ocrx_word' id='word_1_260' title='bbox 1041 3663 1161 3730; x_wconf 87' lang='lat' dir='ltr'>ionicis.</span> <span class='ocrx_word' id='word_1_261' title='bbox 1207 3664 1297 3739; x_wconf 80' lang='lat' dir='ltr'>Quod</span> <span class='ocrx_word' id='word_1_262' title='bbox 1320 3665 1419 3751; x_wconf 79' lang='lat' dir='ltr'>igitur</span> <span class='ocrx_word' id='word_1_263' title='bbox 1548 3665 1549 3682; x_wconf 63' lang='lat'>¹</span> 
     </span>
    </p>
   </div>
   <div class='ocr_carea' id='block_1_14' title="bbox 306 3768 1548 4510">
    <p class='ocr_par' dir='ltr' id='par_1_14' title="bbox 306 3768 1548 4510">
     <span class='ocr_line' id='line_1_32' title="bbox 306 3768 1419 3858; baseline 0.001 -22"><span class='ocrx_word' id='word_1_264' title='bbox 306 3773 341 3836; x_wconf 91' lang='grc'>10</span> <span class='ocrx_word' id='word_1_265' title='bbox 373 3773 434 3837; x_wconf 90' lang='lat' dir='ltr'>hac</span> <span class='ocrx_word' id='word_1_266' title='bbox 461 3768 834 3858; x_wconf 75' lang='grc' dir='ltr'><strong>10101οἀνακλωμὲνους,</strong></span> <span class='ocrx_word' id='word_1_267' title='bbox 867 3792 946 3854; x_wconf 88' lang='grc'><strong>0000</strong></span> <span class='ocrx_word' id='word_1_268' title='bbox 969 3771 1142 3855; x_wconf 84' lang='lat' dir='ltr'>Aeschylus</span> <span class='ocrx_word' id='word_1_269' title='bbox 1165 3771 1217 3836; x_wconf 94' lang='lat' dir='ltr'>hic</span> <span class='ocrx_word' id='word_1_270' title='bbox 1238 3771 1303 3836; x_wconf 91' lang='lat' dir='ltr'>illic</span> <span class='ocrx_word' id='word_1_271' title='bbox 1326 3795 1419 3856; x_wconf 88' lang='lat' dir='ltr'>parce</span> 
     </span>
     <span class='ocr_line' id='line_1_33' title="bbox 306 3878 1548 3959; baseline -0.002 -15"><span class='ocrx_word' id='word_1_272' title='bbox 306 3879 417 3959; x_wconf 85' lang='lat' dir='ltr'>habet,</span> <span class='ocrx_word' id='word_1_273' title='bbox 454 3880 489 3943; x_wconf 90' lang='lat' dir='ltr'>in</span> <span class='ocrx_word' id='word_1_274' title='bbox 520 3879 781 3944; x_wconf 77' lang='lat' dir='ltr'>consuetudinem</span> <span class='ocrx_word' id='word_1_275' title='bbox 812 3900 1012 3944; x_wconf 91' lang='lat' dir='ltr'>communem</span> <span class='ocrx_word' id='word_1_276' title='bbox 1044 3879 1164 3944; x_wconf 82' lang='lat' dir='ltr'>venisse</span> <span class='ocrx_word' id='word_1_277' title='bbox 1194 3878 1349 3958; x_wconf 80' lang='lat' dir='ltr'>videmus,</span> <span class='ocrx_word' id='word_1_278' title='bbox 1386 3879 1418 3942; x_wconf 92' lang='lat' dir='ltr'>id</span> <span class='ocrx_word' id='word_1_279' title='bbox 1547 3891 1548 3902; x_wconf 62' lang='lat'>¹</span> 
     </span>
     <span class='ocr_line' id='line_1_34' title="bbox 307 3983 1418 4070; baseline -0.002 -18"><span class='ocrx_word' id='word_1_280' title='bbox 307 3986 434 4070; x_wconf 90' lang='lat' dir='ltr'>quidem</span> <span class='ocrx_word' id='word_1_281' title='bbox 456 4008 521 4051; x_wconf 94' lang='lat' dir='ltr'>non</span> <span class='ocrx_word' id='word_1_282' title='bbox 545 3986 662 4050; x_wconf 90' lang='lat' dir='ltr'>iniuria</span> <span class='ocrx_word' id='word_1_283' title='bbox 685 3985 833 4070; x_wconf 86' lang='lat' dir='ltr'>colligere</span> <span class='ocrx_word' id='word_1_284' title='bbox 856 3985 1009 4063; x_wconf 88' lang='lat' dir='ltr'>videmur,</span> <span class='ocrx_word' id='word_1_285' title='bbox 1032 3985 1058 4048; x_wconf 88' lang='lat' dir='ltr'>si</span> <span class='ocrx_word' id='word_1_286' title='bbox 1072 3987 1119 4049; x_wconf 85' lang='lat' dir='ltr'>est</span> <span class='ocrx_word' id='word_1_287' title='bbox 1132 3983 1289 4070; x_wconf 81' lang='lat' dir='ltr'>Aeschyli,</span> <span class='ocrx_word' id='word_1_288' title='bbox 1312 4008 1418 4050; x_wconf 89' lang='lat' dir='ltr'>recen-</span> 
     </span>
     <span class='ocr_line' id='line_1_35' title="bbox 307 4091 1418 4159; baseline -0.003 0"><span class='ocrx_word' id='word_1_289' title='bbox 307 4094 434 4159; x_wconf 88' lang='lat' dir='ltr'>tissimis</span> <span class='ocrx_word' id='word_1_290' title='bbox 455 4093 522 4158; x_wconf 90' lang='lat' dir='ltr'>eius</span> <span class='ocrx_word' id='word_1_291' title='bbox 544 4093 660 4158; x_wconf 85' lang='lat' dir='ltr'>fabulis</span> <span class='ocrx_word' id='word_1_292' title='bbox 682 4115 747 4158; x_wconf 87' lang='lat' dir='ltr'>esse</span> <span class='ocrx_word' id='word_1_293' title='bbox 770 4092 1040 4158; x_wconf 88' lang='lat' dir='ltr'>adnumerandam</span> <span class='ocrx_word' id='word_1_294' title='bbox 1054 4091 1288 4158; x_wconf 89' lang='lat' dir='ltr'>Prometheum.</span> <span class='ocrx_word' id='word_1_295' title='bbox 1326 4091 1418 4158; x_wconf 79' lang='lat' dir='ltr'>Sum·</span> 
     </span>
     <span class='ocr_line' id='line_1_36' title="bbox 307 4198 1547 4285; baseline -0.001 -21"><span class='ocrx_word' id='word_1_296' title='bbox 307 4222 421 4285; x_wconf 77' lang='grc'><strong>00000</strong></span> <span class='ocrx_word' id='word_1_297' title='bbox 443 4201 590 4266; x_wconf 88' lang='lat' dir='ltr'>cautione</span> <span class='ocrx_word' id='word_1_298' title='bbox 613 4200 756 4266; x_wconf 84' lang='lat' dir='ltr'>adhibita</span> <span class='ocrx_word' id='word_1_299' title='bbox 771 4199 981 4266; x_wconf 88' lang='lat' dir='ltr'>Rossbachius</span> <span class='ocrx_word' id='word_1_300' title='bbox 1003 4204 1036 4265; x_wconf 91' lang='lat' dir='ltr'>et</span> <span class='ocrx_word' id='word_1_301' title='bbox 1049 4198 1417 4283; x_wconf 83' lang='lat' dir='ltr'>Westphaliuspraefat.</span> <span class='ocrx_word' id='word_1_302' title='bbox 1546 4211 1547 4270; x_wconf 63' lang='grc' dir='ltr'>ξ</span> 
     </span>
     <span class='ocr_line' id='line_1_37' title="bbox 306 4306 1419 4393; baseline -0.001 -22"><span class='ocrx_word' id='word_1_303' title='bbox 306 4308 328 4372; x_wconf 91' lang='lat' dir='ltr'>l.</span> <span class='ocrx_word' id='word_1_304' title='bbox 353 4310 372 4376; x_wconf 92' lang='lat' dir='ltr'>l.</span> <span class='ocrx_word' id='word_1_305' title='bbox 396 4308 586 4388; x_wconf 89' lang='lat' dir='ltr'>indicarunt,</span> <span class='ocrx_word' id='word_1_306' title='bbox 609 4308 773 4393; x_wconf 89' lang='lat' dir='ltr'>stropham</span> <span class='ocrx_word' id='word_1_307' title='bbox 798 4329 827 4371; x_wconf 83' lang='lat' dir='ltr'>v.</span> <span class='ocrx_word' id='word_1_308' title='bbox 852 4306 927 4374; x_wconf 80' lang='lat'><strong>397.</strong></span> <span class='ocrx_word' id='word_1_309' title='bbox 951 4328 1014 4372; x_wconf 90' lang='grc'>000</span> <span class='ocrx_word' id='word_1_310' title='bbox 1039 4307 1168 4372; x_wconf 91' lang='lat' dir='ltr'>omnino</span> <span class='ocrx_word' id='word_1_311' title='bbox 1192 4306 1316 4372; x_wconf 87' lang='lat' dir='ltr'>obstare</span> <span class='ocrx_word' id='word_1_312' title='bbox 1339 4307 1419 4372; x_wconf 88' lang='lat' dir='ltr'>mori</span> 
     </span>
     <span class='ocr_line' id='line_1_38' title="bbox 307 4413 1500 4510; baseline -0.003 -30"><span class='ocrx_word' id='word_1_313' title='bbox 307 4416 500 4510; x_wconf 80' lang='lat' dir='ltr'>Aeschyleo,</span> <span class='ocrx_word' id='word_1_314' title='bbox 524 4416 609 4500; x_wconf 90' lang='lat' dir='ltr'>quod</span> <span class='ocrx_word' id='word_1_315' title='bbox 633 4415 784 4482; x_wconf 87' lang='lat' dir='ltr'>iudicium</span> <span class='ocrx_word' id='word_1_316' title='bbox 807 4437 912 4480; x_wconf 90' lang='lat' dir='ltr'>meum</span> <span class='ocrx_word' id='word_1_317' title='bbox 935 4415 1038 4478; x_wconf 83' lang='lat' dir='ltr'>facere</span> <span class='ocrx_word' id='word_1_318' title='bbox 1060 4434 1188 4498; x_wconf 87' lang='lat' dir='ltr'>prorsus</span> <span class='ocrx_word' id='word_1_319' title='bbox 1211 4435 1275 4478; x_wconf 88' lang='lat' dir='ltr'>non</span> <span class='ocrx_word' id='word_1_320' title='bbox 1297 4413 1417 4480; x_wconf 84' lang='grc'><strong>(101110.</strong></span> <span class='ocrx_word' id='word_1_321' title='bbox 1491 4429 1500 4447; x_wconf 84' lang='grc'><em>·</em></span> 
     </span>
    </p>
   </div>
   <div class='ocr_carea' id='block_1_15' title="bbox 0 0 1572 4998">
    <p class='ocr_par' dir='ltr' id='par_1_15' title="bbox 0 0 1572 4998">
     <span class='ocr_line' id='line_1_39' title="bbox 0 0 1572 4998; baseline 0 0"><span class='ocrx_word' id='word_1_322' title='bbox 0 0 1572 4998; x_wconf 95' lang='lat' dir='ltr'> </span> 
     </span>
    </p>
   </div>
  </div>
 </body>
</html>
