3134 4998
700 377 743 444 33

164 578 216 661 qui
245 577 279 639 in
308 598 337 641 v.
370 573 445 639 694.
473 567 509 635 ἰὼ
534 568 570 635 ἰὼ
598 583 687 659 μοῖρα
715 583 804 659 μοῖρα
833 574 968 638 alterum
1000 569 1035 636 ro
1064 573 1160 638 deleri
1182 574 1278 653 iubet,

163 706 226 766 quo
255 681 369 746 omisso
398 677 577 763 tetrapodia
606 679 725 764 duplici
753 681 887 746 catalexi
920 681 1073 758 exoritur,
1102 682 1162 745 uisi
1185 681 1281 746 doch·

162 768 264 855 mium
295 788 586 873 hypercatalectum
617 809 641 854 s.
674 786 838 852 bacchium
872 789 1067 874 geminatum
1094 788 1279 874 intellegere

164 897 316 981 praestat.
361 893 552 978 Tetrapodia
587 893 748 958 trochaica
787 895 1033 979 deprehenditur
1069 894 1102 958 in
1140 917 1168 961 v.
1202 895 1277 961 587.

165 1005 303 1090 πημονὰς
326 1001 423 1073 boec
454 1004 485 1066 ct
508 1001 583 1066 583.
608 1002 684 1086 μηδὲ
707 1023 757 1086 μοι
780 1004 952 1088 φθονήσῃς,
984 1002 1124 1086 tripodia
1147 1001 1180 1065 iu
1203 1001 1278 1068 584.

165 1105 315 1195 εὐγμάτων
345 1107 434 1184 ἄναξ,
468 1131 561 1192 quam
596 1114 703 1196 tamen
736 1109 948 1192 rhythmicam
981 1108 1179 1193 tetrapodiae
1215 1109 1277 1172 vim

166 1216 279 1281 habere
301 1216 468 1280 verisimile
492 1219 548 1279 est.
586 1213 672 1279 Haec
695 1215 803 1292 habui,
827 1237 908 1298 quae
932 1217 970 1280 de
993 1214 1167 1281 carminum
1183 1213 1279 1280 doch-

165 1324 336 1388 miacorum
365 1325 527 1387 structura
559 1343 595 1386 ac
617 1325 735 1386 natura
758 1321 905 1401 dicerem,
935 1345 1016 1407 quae
1040 1322 1105 1388 fere
1127 1322 1217 1387 nulla
1240 1345 1278 1386 ex

163 1435 255 1514 parte
278 1453 297 1494 a
320 1452 408 1494 more
432 1426 608 1515 Aeschyleo
631 1429 747 1494 distare
770 1429 915 1496 vidimus.

224 1535 263 1608 4.
288 1537 362 1602 Jam
393 1538 426 1600 in
460 1537 676 1620 quaestionem
708 1549 862 1602 vocentur
893 1534 1062 1617 strophae
1094 1553 1148 1600 vv.
1180 1533 1276 1599 128-

164 1640 437 1711 135=144-151
461 1640 498 1706 at
520 1638 916 1707 aar-405=4oo-414.
953 1644 988 1707 lu
1014 1645 1063 1708 his
1077 1645 1184 1710 metris
1203 1665 1279 1708 con-

162 1752 331 1818 stituendis
361 1753 445 1816 inter
477 1752 560 1816 viros
592 1751 699 1818 doctos
731 1773 848 1838 magna
880 1754 951 1817 orta
984 1755 1030 1816 est
1057 1751 1277 1830 controversia,

165 1882 236 1925 cum
263 1860 332 1924 aliis
356 1881 502 1923 mensura
524 1859 720 1923 iambico·
745 1859 1009 1923 choria'mbica
1032 1860 1184 1943 placeret,
1209 1859 1279 1922 aliis

165 1968 330 2032 numeri
352 1967 486 2033 ionici.
533 1966 625 2030 Illam
654 1965 778 2049 quidem
811 1966 1000 2030 seutentiam
1023 1987 1112 2029 suam
1135 1965 1279 2030 fecerunt

163 2076 320 2141 Burneius
343 2080 375 2140 et
389 2075 606 2142 Blomfieldius
620 2074 729 2160 Angli,
753 2096 824 2138 cum
847 2074 924 2138 haec
938 2078 1110 2158 patronum
1124 2074 1279 2138 invenerit

162 2183 395 2262 Hermannum,
421 2182 475 2266 qui
498 2183 586 2245 elem.
607 2181 706 2245 doctr.
720 2184 810 2246 metr.
827 2205 858 2266 p.
873 2182 947 2247 493.
963 2179 1086 2267 Anglos
1110 2182 1278 2264 vituperat,

163 2290 250 2375 quod
284 2313 350 2354 non
382 2290 450 2354 sine
482 2289 645 2372 dispendio
673 2290 847 2353 venustatis
876 2311 1082 2353 numerorum
1113 2292 1146 2354 et
1168 2291 1279 2353 contra

167 2399 314 2463 disertam
331 2397 553 2462 auctoritatem
569 2399 709 2461 veterum
724 2401 859 2479 utroque
873 2395 941 2460 loco
956 2396 1106 2462 dimetros
1122 2396 1279 2461 choriam-

166 2505 251 2568 bicos
274 2504 497 2572 intellexerint.
534 2503 630 2568 Dedit
653 2504 738 2569 enim
761 2503 827 2586 ipse
850 2503 957 2568 iudicii
979 2502 1026 2566 sui
1050 2503 1276 2582 testimonium,

165 2611 252 2695 quod
285 2632 366 2693 quac
392 2611 558 2676 scholiasta
582 2610 716 2676 adnotat
739 2608 788 2674 ad.
815 2632 843 2674 v.
871 2612 954 2687 128,
985 2609 1018 2673 in
1041 2610 1178 2674 medium
1202 2632 1276 2693 pro·

167 2704 307 2782 ferebat:
350 2713 366 2779 ὁ
407 2713 519 2803 ῥυθμὸς
552 2714 788 2802 Ἀνακρεόντειός
819 2716 878 2782 ἐστι
908 2719 1108 2802 κεκλασμένος
1140 2719 1212 2801 πρὸς
1243 2722 1276 2781 τὸ

165 2825 350 2910 θρψκητικόν.
383 2821 548 2911 ἐπεδήμησε
570 2828 626 2910 γὰρ
649 2836 687 2910 τῇ
713 2823 837 2910 Ἀττικῇ
861 2823 977 2910 Κριτίου
1000 2823 1074 2909 ἐρῶν
1095 2827 1148 2888 καὶ
1160 2821 1277 2911 ἠρέσθη

164 2933 229 2995 λίαν
254 2943 315 3004 τοῖς
342 2933 440 3019 μέλεσι
461 2941 513 2997 τοῦ
536 2942 681 3016 τραγικοῦ,
728 2931 859 3019 ἐχρῶντο
888 2933 919 2996 δὲ
941 2929 1040 3006 αὐτοῖς
1063 2929 1119 2997 ota
1141 2931 1172 2998 ἐν
1193 2936 1279 2998 παντὶ

162 3043 253 3122 τόπῳ,
278 3037 345 3102 ἀλλ’
369 3037 482 3111 ἐντοῖς
505 3040 702 3125 θρηνητικοῖς,
727 3038 768 3112 ὡς
790 3044 843 3103 καὶ
866 3039 1024 3128 Σοφοκλῆς
1048 3037 1136 3125 Τυροῖ
1159 3040 1196 3124 β’.
1221 3039 1279 3104 ἔστι

162 3146 193 3208 δὲ
214 3147 302 3210 ταῦθ’
328 3145 416 3233 ὅμοια
438 3158 480 3230 τῷ

227 3249 288 3317 oca
314 3249 351 3316 cd
374 3251 503 3339 μ’ἐάσεις
527 3254 661 3338 μκθὺοντ
686 3253 781 3317 οἴκαδ’
807 3251 953 3318 ἀπελθεῖν.

227 3358 285 3424 Oui
313 3361 456 3443 exemplo
480 3359 798 3445 TyrusSophocleae
821 3360 907 3426 aliud
931 3384 969 3425 ex
992 3361 1129 3427 eiusdem
1152 3361 1277 3426 Electra

160 3488 189 3529 v,
216 3466 309 3532 1058.
342 3467 478 3551 petitum
510 3466 617 3547 addit,
650 3468 735 3550 quod
767 3469 877 3533 iisdem
910 3470 1049 3533 numeris
1076 3470 1117 3533 sit
1145 3468 1275 3534 factum.

161 3571 383 3638 Hermanuum
406 3575 505 3638 secuti
527 3578 603 3638 sunt
629 3573 856 3654 Weckleinius,
882 3575 1025 3654 Weilius,
1050 3553 1114 3654 alii,
1139 3597 1276 3658 quorum

161 3680 252 3759 alter,
276 3703 333 3745 cur
355 3703 502 3746 mensura
516 3682 618 3746 ionica
632 3684 783 3766 strophae
798 3705 827 3748 v.
847 3683 918 3750 128.
933 3682 1071 3747 tenenda
1086 3684 1136 3762 sit,
1161 3704 1278 3746 novam

158 3785 219 3849 sibi
248 3788 390 3852 attulisse
420 3788 544 3854 videtur
567 3809 706 3867 causam,
740 3790 825 3874 quod
848 3789 930 3854 aliae
954 3789 1104 3876 Aeschyli
1125 3789 1277 3873 strophae

159 3893 199 3958 ab
223 3894 341 3973 eodem,
366 3917 429 3978 quo
453 3895 530 3962 haec
552 3895 683 3979 stropha
697 3896 831 3962 similive
846 3919 935 3962 versu
950 3898 1144 3982 incipientes,
1169 3897 1273 3962 Prom.

158 4001 245 4078 397,
270 3999 356 4084 Sept.
382 4003 467 4081 720,
492 4002 577 4067 haud
593 4002 686 4067 dubie
700 4005 840 4069 numeris
849 4005 959 4069 ionicis
969 4010 1110 4071 utantur.
1144 4004 1277 4069 Adicere

156 4108 272 4191 potuit,
288 4108 408 4172 ionicos
422 4131 579 4189 numeros,
604 4133 667 4195 qua
682 4118 756 4175 sunt
770 4114 887 4176 natura
902 4115 999 4194 atque
1012 4111 1127 4190 indole,
1141 4110 1277 4175 libenter

157 4237 176 4278 a
199 4215 328 4298 tragicis
351 4216 519 4282 mulierum
544 4218 640 4283 choro
663 4217 771 4297 tribui,
796 4221 832 4282 ut
854 4219 888 4282 in
902 4218 1052 4302 Aeschyli
1066 4217 1275 4302 supplicibus,

157 4322 189 4385 iu
219 4320 383 4406 Euripidis
406 4323 538 4389 Bacchis
567 4328 599 4389 et
623 4324 831 4410 Supplicibus.
877 4325 989 4409 Neque
1013 4325 1221 4390 Rossbachius
1244 4329 1277 4388 et

161 4427 380 4514 Westphalius
404 4432 540 4516 praefat.
565 4435 624 4496 art.
649 4437 739 4498 metr.
765 4433 838 4500 edit.
854 4432 887 4512 l.,
903 4456 934 4518 p.
950 4431 1095 4500 XLVIII.
1110 4432 1276 4517 stropham

1099 4539 1116 4596 3
