3134 4998
266 1160 323 1225 His
359 1160 396 1226 de
432 1160 525 1245 epodi
563 1160 667 1224 forma
708 1164 740 1223 et
785 1159 935 1224 memoria
975 1157 1178 1243 praepositis,
1216 1157 1313 1221 etiam

184 1253 332 1352 'stropha
356 1292 384 1336 v,
411 1269 485 1334 159.
509 1269 543 1333 iu
573 1267 796 1352 disputationis
819 1267 1072 1332 communionem
1094 1267 1256 1348 assumpta
1278 1265 1313 1327 in

198 1376 340 1462 singulos
364 1397 470 1440 versus
493 1375 691 1460 inquiramus
712 1374 808 1458 idque
832 1374 970 1458 primum
993 1374 1027 1438 in
1050 1373 1214 1450 iambicos,
1244 1375 1312 1434 tum

198 1483 232 1546 in
256 1505 316 1560 eos,
341 1483 396 1566 qui
413 1482 575 1548 trochaico
598 1484 655 1546 aut
671 1480 851 1567 logaoedico
864 1502 997 1547 numero
1012 1480 1075 1544 illis
1089 1479 1311 1549 admiscentur.

200 1589 418 1655 Jambicorum
451 1611 599 1654 versuum
630 1589 901 1673 frequentissimus
934 1594 980 1654 est
1014 1587 1159 1666 dimeter,
1193 1586 1248 1670 qui
1279 1585 1312 1649 in

200 1695 300 1780 epodo
323 1697 418 1760 semel
443 1700 622 1780 usurpatur,
646 1702 760 1780 quater
783 1698 816 1761 iu
839 1695 973 1778 stropha
987 1717 1037 1761 vv.
1056 1694 1129 1761 159.
1148 1695 1220 1759 160.
1239 1695 1311 1758 161.

203 1803 275 1868 163.
321 1801 484 1867 Assentior
513 1804 596 1867 enim
624 1803 837 1882 Weckleini0‚
869 1804 925 1887 qui
957 1824 1063 1867 versus
1092 1799 1313 1884 antistrophici
1420 1813 1424 1824 ’

202 1908 336 1992 probata
364 1931 441 1974 sana
469 1911 626 1994 scriptura
653 1910 733 1974 δέδια
760 1913 817 1994 γὰρ
843 1908 919 1998 ἀμφὶ
946 1918 1012 1982 σαῖς
1034 1912 1139 1995 atquc<
1161 1907 1314 1990 strophici

202 2016 351 2081 mendum
378 2016 449 2081 tolli
477 2016 571 2081 iubet.
619 2017 753 2082 Ahrensi
782 2039 856 2082 vero
880 2018 1092 2083 coniecturam
1118 2015 1313 2102 dampnetur,

201 2145 298 2208 quam
329 2125 363 2188 in
391 2123 505 2190 Philcl.
536 2124 661 2202 XXIII,
689 2127 717 2190 6.
748 2124 860 2204 edidit,
890 2125 1034 2209 quamvis
1060 2125 1258 2210 ingeniosam
1280 2125 1313 2188 et

201 2229 338 2315 Hesychi
369 2232 475 2317 glossa
508 2230 652 2298 ἄκανθάν·
707 2231 877 2318 ἄγναμπτον
908 2233 1162 2298 commendatam
1195 2234 1314 2296 certam

200 2337 315 2403 habere
347 2361 469 2417 vereor,
500 2340 558 2404 hoc
580 2343 690 2404 tamen
713 2341 815 2406 effecit
838 2340 886 2403 vir
909 2338 1031 2419 doetus,
1064 2344 1100 2404 ut
1122 2340 1183 2404 loci
1207 2361 1313 2404 emen·
1434 2360 1438 2368 ·

201 2443 322 2509 dationi
346 2447 430 2510 viam
447 2445 700 2530 'praemunivisse
723 2445 896 2512 censendus
910 2447 960 2512 sit.
1008 2446 1098 2522 Quod
1112 2446 1215 2512 theses
1228 2467 1313 2510 com-

201 2553 307 2635 plures
338 2552 457 2616 solutas
485 2553 763 2637 deprehendimus,
796 2574 884 2619 more
913 2553 1086 2640 Aeschyleo
1117 2553 1312 2628 defenditur3

200 2659 254 2723 sed
279 2663 477 2725 excusatione
502 2660 654 2726 destituta
678 2664 724 2726 est
747 2661 878 2728 ultimae
891 2663 1014 2728 theseos
1028 2661 1152 2740 solutio,
1177 2683 1258 2746 quae
1272 2683 1312 2725 ne

200 2768 271 2831 tum
292 2766 420 2850 quidem
443 2769 652 2847 amovebitur,
677 2791 749 2834 cum
772 2769 916 2835 codicum
938 2770 1048 2836 ordine
1071 2771 1181 2835 relicto
1204 2770 1313 2834 trime-

201 2877 288 2937 trum
315 2874 552 2944 restituerimus.
598 2876 738 2942 Ultimae
766 2867 858 2941 enim¹
879 2876 1002 2944 theseos
1029 2878 1202 2943 solutiones
1229 2875 1313 2960 apud

200 2979 384 3068 Euripidem
411 2981 515 3047 solum
542 3005 658 3068 eaeque
685 2984 862 3049 rarissimae
888 2988 978 3063 sunt,
1007 2988 1044 3050 ut
1070 2984 1184 3050 Troad.
1217 2985 1312 3050 1312.
1428 3051 1436 3074 ‚

198 3085 315 3175 Πρίαμε
338 3086 464 3175 Πρίαμε,
488 3091 522 3154 σὺ
546 3095 597 3177 μὲν
620 3088 772 3177 ὀλόμενος,
796 3095 827 3156 et
850 3092 892 3155 ib.
917 3114 945 3156 r.
971 3092 1046 3158 557.
1093 3091 1199 3157 Solam
1213 3091 1313 3177 igitur

199 3196 431 3262 excusationem
453 3197 480 3261 is
503 3197 641 3276 habebit,
666 3199 721 3282 qui
744 3199 819 3263 illuc
841 3198 1030 3285 confugerit,
1056 3202 1092 3263 ut
1106 3221 1229 3264 versum
1244 3220 1312 3263 cor·

198 3285 329 3388 ruptum
362 3306 522 3385 statuerit,
556 3306 588 3370 id
617 3306 702 3392 quod
731 3291 877 3390 equidem
903 3329 969 3372 non
1005 3308 1081 3372 satis
1113 3308 1313 3390 exploratum

198 3412 308 3476 habeo.
342 3413 484 3479 Praeter
506 3415 656 3481 dimetros
678 3415 827 3480 iambicos
849 3415 993 3482 trimeter
1016 3415 1107 3480 nobis
1130 3415 1265 3480 occurrit
1277 3415 1312 3478 in
1403 3489 1405 3495 Ι

198 3541 227 3586 v.
255 3521 339 3599 162,
364 3521 455 3605 epod.
481 3522 523 3601 3.,
547 3523 741 3607 pentapodia
764 3523 798 3587 in
821 3524 912 3607 epod.
937 3525 967 3591 2.
992 3527 1024 3588 et
1039 3524 1080 3602 4.,
1104 3538 1184 3607 quae
1199 3523 1312 3586 ultima

197 3631 247 3692 ast.
274 3627 540 3714 hypercatalecta.
587 3629 647 3706 Qui
682 3651 786 3696 versus
818 3632 844 3694 si
872 3631 990 3717 singuli
1019 3653 1075 3715 per
1103 3652 1148 3710 se,
1177 3652 1241 3696 non
1274 3653 1312 3695 ex

193 3736 426 3823 'compositione
441 3737 540 3802 totins
553 3737 713 3820 strophae,
729 3737 766 3802 de
781 3761 845 3823 qua
860 3743 969 3822 postea
980 3742 1102 3825 agetur,
1119 3737 1310 3823 penduntur,

197 3841 354 3930 Aeschylo
400 3843 465 3908 fere
510 3843 543 3908 in
586 3844 731 3909 omnibus
766 3846 907 3930 strophis
943 3846 1084 3911 iambicis
1121 3845 1308 3930 probantur.

197 3947 347 4032 Sequitur
375 3953 411 4016 ut
439 3954 616 4016 ceterorum
646 3975 791 4018 versuum
815 3953 1038 4039 pervestigatio
1061 3953 1132 4032 fiat,
1161 3954 1312 4036 quicum

198 4056 342 4121 iambicis
365 4059 535 4124 consociati
557 4060 723 4143 stropham
746 4060 1028 4145 comprehendunt.
1075 4061 1121 4126 Ut
1143 4060 1183 4125 ab
1202 4060 1311 4144 epodo,

197 4184 278 4246 quae
305 4164 548 4249 simplicissimas
577 4166 696 4232 formas
724 4169 830 4246 offert,
865 4167 1022 4245 exordiar,
1055 4169 1136 4254 nihil
1163 4169 1245 4232 inest
1274 4169 1312 4244 ei,

196 4270 281 4352 quod
304 4293 396 4335 usum
405 4271 615 4357 Aeschyleum
638 4278 810 4358 patronum
834 4297 899 4340 uon
923 4274 1047 4342 habeut.
1092 4275 1204 4360 Neque
1226 4276 1311 4340 enim

196 4399 303 4443 versus
325 4379 509 4461 trochaicoa
534 4404 636 4466 neque
651 4382 893 4448 Pherecrateum
917 4388 1113 4468 aspernatur,
1137 4382 1222 4468 quod
1246 4407 1310 4450 uno
