3134 4998
651 894 777 1007 Caput
806 895 838 978 I.

512 1067 565 1162 bc
599 1067 760 1160 diverbii
794 1065 977 1159 senariis.

253 1353 323 1420 Hoc
345 1353 455 1438 capite,
480 1374 544 1437 quo
568 1353 606 1417 de
628 1353 780 1418 trimetris
803 1353 925 1437 agetur,
949 1348 1085 1433 primum
1105 1349 1139 1413 in
1157 1347 1301 1433 disputa·

187 1462 307 1527 tionem
329 1465 482 1526 vocentur

253 1585 282 1654 1.
310 1583 438 1668 pedum
461 1580 658 1649 solutiones
681 1596 873 1664 earumque

485 1725 514 1774 a.
536 1707 678 1774 tribrachi
702 1707 882 1791 prolambit
905 1707 1004 1791 positi.

254 1835 302 1902 Ea
318 1836 342 1900 si
358 1834 527 1918 sequimur,
543 1856 625 1917 quae
638 1833 839 1900 Hermannus
853 1835 943 1900 elem.
958 1834 1056 1900 doctr.
1072 1836 1163 1898 metr.
1179 1856 1211 1917 p.
1229 1834 1301 1900 123.

188 1943 320 2027 exponit
341 1943 437 2026 idque
458 1963 516 2008 suo
537 1942 615 2020 inre,
639 1963 702 2026 quo
724 1942 879 2006 recentior
902 1962 1046 2024 quaeque
1067 1941 1109 2004 sit
1126 1939 1301 2026 tragoedia,

188 2055 280 2117 tanto
303 2049 549 2134 frequentiorem
584 2048 618 2112 in
646 2070 682 2112 ea
704 2047 873 2134 longarum
895 2048 1089 2132 syllabarum
1111 2047 1301 2112 solutionem
1335 2110 1337 2114 .

187 2155 389 2242 deprehendi,
420 2156 487 2220 sine
519 2154 614 2220 dnbio
636 2153 861 2250 Prometheum
890 2155 923 2219 in
948 2155 1058 2238 primis
1079 2153 1229 2238 Aeschyli
1252 2153 1301 2220 fa·
1410 2170 1414 2181 ¹

187 2264 269 2330 bulis
292 2263 536 2328 numerabimus.
574 2260 654 2327 (lum
677 2263 761 2328 enim
783 2263 817 2326 in
840 2260 1022 2327 Promethei
1044 2261 1174 2327 senariis
1187 2261 1302 2345 viginti

188 2371 250 2436 dno
281 2370 434 2438 tribrachi
464 2369 555 2434 nebia
587 2375 768 2448 occurrant,
801 2369 988 2453 Rumpelins
1019 2367 1177 2454 Philolog.
1200 2367 1300 2448 XXV,
1350 2402 1352 2406 ·

188 2501 220 2564 p.
245 2476 297 2544 55.
334 2477 407 2560 (Die
440 2475 658 2561 Aufldsnngen
685 2477 729 2540 im
761 2476 916 2540 Trimeter
947 2476 1000 2540 des
1032 2475 1204 2560 Aeschylus
1236 2475 1301 2541 und

57 2635 59 2639 ,
189 2583 373 2668 Sophocles)
396 2583 430 2648 in
454 2583 544 2648 Eum.
572 2584 622 2662 19,
656 2581 770 2668 Agam.
796 2583 849 2662 31,
873 2581 1012 2666 Choeph.
1036 2583 1088 2662 32,
1113 2581 1223 2668 Suppl.
1248 2583 1301 2661 26,

189 2690 276 2777 Sept.
299 2691 352 2768 37,
376 2688 461 2756 Pers.
485 2691 530 2754 30
551 2690 756 2754 enumeravit.
803 2690 951 2766 Quamvis
973 2712 1047 2754 uero
1069 2689 1301 2757 tribracbornm

189 2817 323 2863 numero
346 2797 455 2862 ceteris
477 2795 593 2862 fabulis
613 2800 740 2880 praetor
755 2795 943 2862 Eumenides
958 2797 1071 2876 minor,
1095 2801 1203 2862 tamen
1216 2795 1302 2862 haud

189 2925 261 2970 raro
284 2903 362 2969 tales
385 2903 517 2988 praebet
530 2903 703 2969 solutiones
717 2902 931 2982 Prometheus,
955 2908 992 2968 ut
1006 2903 1044 2968 de
1058 2902 1184 2968 fabulae
1198 2906 1302 2970 aetate

189 3011 297 3098 opinio
320 3010 536 3095 praeiudicata
557 3032 750 3097 magnopere
772 3009 992 3075 labefactetur.
1038 3010 1097 3076 Sed
1121 3008 1302 3076 accedamus

188 3141 276 3184 nunc
299 3117 339 3182 ad
362 3117 538 3182 tribrachos
564 3117 656 3201 ipsos,
689 3118 723 3181 in
755 3117 869 3201 quibus
900 3116 1096 3182 illustrandis
1128 3117 1212 3181 huno
1243 3138 1302 3203 ego

188 3225 302 3292 tenebo
335 3224 491 3303 ordinem,
524 3227 561 3290 nt
593 3225 791 3311 singulorum
823 3225 938 3309 pedum
970 3225 1142 3290 solutiones
1173 3225 1303 3290 afferam

189 3335 421 3417 allatarumque
436 3335 582 3397 naturam
597 3337 694 3416 atque
708 3336 899 3398 structuram
914 3353 985 3396 cum
999 3331 1108 3396 ceteris
1121 3331 1302 3416 Aeschyleis

188 3441 359 3506 conferam.

255 3546 294 3611 In
322 3546 447 3630 prima
478 3546 549 3611 sede
571 3549 620 3611 ter
642 3545 781 3610 iambum
805 3546 838 3610 in
862 3545 1062 3629 trisyllabum
1084 3545 1197 3631 pedem
1218 3545 1302 3612 solu-

188 3657 256 3720 tum
279 3653 420 3720 videmus
442 3653 476 3718 in
498 3675 548 3721 vv.
575 3654 647 3720 116.
670 3654 821 3729 θεόσυτος,
849 3653 923 3720 666.
946 3651 1062 3742 ἄφετον,
1095 3654 1168 3721 817.
1191 3651 1302 3720 ἐπανα-

74 3850 79 3860 ,
189 3761 318 3838 δίπλαζε,
340 3781 400 3845 pro
423 3781 486 3844 qno
501 3782 557 3825 cur
571 3757 755 3825 Dindorfins
777 3758 970 3833 ἐπανδίπλαζε
991 3760 1197 3840 substituerit,
1220 3761 1303 3826 nihil

189 3871 237 3936 eet
259 3889 379 3947 causae,
407 3890 477 3932 cum
501 3870 535 3933 et
556 3868 637 3951 ictus
659 3867 782 3934 metrici
804 3871 836 3932 et
858 3869 1005 3933 accentus
1026 3867 1113 3932 verbi
1135 3867 1302 3934 concordia

189 3978 358 4060 propterea
380 3997 445 4040 non
468 3979 612 4059 suspecta
634 3975 684 4055 sit,
717 3974 803 4058 qnod
832 3974 1029 4039 tribrachum
1055 3975 1232 4060 complures
1253 3996 1302 4041 se·

189 4084 331 4168 quuntur
361 4082 510 4166 syllabae,
544 4081 657 4166 quibus
688 4083 857 4147 concentus
887 4081 990 4146 illesi
1012 4103 1078 4148 non
1100 4081 1234 4162 tollitur,
1268 4087 1302 4148 at

189 4190 363 4276 mitigatur.
408 4188 575 4255 Praeterea
607 4189 758 4255 eiusmodi
791 4189 935 4284 exempla
967 4188 1051 4254 hand
1085 4211 1185 4272 pauca
1216 4189 1300 4273 apud

188 4297 326 4384 tragicos
352 4300 437 4374 sunt,
470 4318 570 4361 unum
593 4319 630 4361 ex
653 4296 766 4364 Aesch.
790 4296 875 4381 Sept.
898 4297 973 4363 272.
1005 4295 1185 4382 πεδιονόμοις
1216 4318 1302 4362 com·

189 4425 375 4471 memorasse
397 4403 523 4469 sufficit.
546 4403 603 4470 cfr.
627 4403 773 4488 Rumpel.
798 4404 819 4467 l.
844 4403 864 4470 l.
887 4426 918 4488 p.
942 4403 996 4471 57.
1033 4401 1151 4467 Eadem
1175 4424 1302 4468 excusa·

1093 4506 1122 4563 1·
