3134 4998
721 242 761 299 27

132 433 206 498 sede
237 434 271 498 in
304 433 468 502 codicibus
499 443 681 521 vagaretur.
733 441 883 508 Tradunt
911 444 997 508 hunc
1025 464 1152 508 versum
1181 445 1267 510 Med.
1301 445 1342 512 G.

134 535 198 600 Vit.
220 536 314 620 Lips
340 542 355 602 1
380 540 492 606 vitiose
513 541 572 605 ita:
601 547 744 629 Τυφῶνα,
761 548 889 632 θοῦρον,
914 548 1016 612 πᾶσιν
1037 537 1072 622 ὃς
1094 540 1229 635 ἀντέστη
1242 551 1342 623 θεοῖς.

131 639 199 704 Νοο
220 642 327 707 minus
351 648 399 707 est
422 644 580 724 vitiosum,
605 637 691 729 quod
713 647 802 730 Lips.
827 653 855 712 2.
899 649 985 732 Aug.
1009 649 1087 714 Par.
1110 650 1151 714 Ε.
1174 649 1265 716 Bess.
1290 673 1342 716 ex·

131 743 257 808 hibent:
285 735 321 821 ὃς
343 749 446 812 πᾶσιν
467 741 601 835 ἀντέστη
622 753 721 824 θεοῖς.
766 748 831 815 Sed
855 750 894 815 de
916 751 1077 817 industria
1099 753 1140 817 ab
1164 753 1213 818 his
1236 760 1342 818 trans·

133 848 274 930 positum
306 871 374 914 esse
401 872 594 933 pronomen,
625 851 713 916 credi
735 853 856 935 nequit,
880 854 1017 937 quinne
1040 855 1102 919 hoc
1124 857 1253 939 quidem
1276 879 1344 921 ver-

131 949 244 1015 borum
274 952 385 1017 ordine
411 952 550 1018 efficitur
578 955 724 1020 senarius
746 956 881 1039 integer.
926 955 1140 1023 Statuendum
1162 959 1263 1042 igitur
1285 966 1341 1040 est,

129 1051 227 1118 fnisse
249 1054 283 1119 in
307 1056 482 1139 archetypo
499 1056 650 1121 mendose
666 1058 821 1141 scriptum
837 1061 940 1124 πᾶσιν
955 1053 1089 1146 ἀντέστη
1102 1064 1202 1136 θεοῖς.
1248 1061 1343 1146 Quod

130 1177 200 1218 cum
227 1166 426 1240 repugnaret
452 1159 517 1241 legi
545 1161 759 1242 syntecticae,
786 1163 1016 1244 grammaticus
1038 1184 1137 1247 snpra
1160 1167 1264 1229 πᾶσιν
1287 1166 1343 1231 ad·

129 1259 258 1341 scripsit
285 1250 334 1338 ὃς,
367 1261 453 1344 quod
482 1261 538 1325 alii
568 1266 643 1326 ante
670 1264 725 1328 alii
752 1271 826 1347 post
854 1259 957 1329 πᾶσιν
978 1265 1119 1348 positum
1141 1276 1341 1352 receperunt.

130 1360 194 1425 Sed
216 1363 432 1445 probabiliter
451 1365 632 1430 emendavit
654 1366 739 1432 hunc
760 1367 865 1432 locum
888 1368 1111 1449 Hermannus,
1136 1370 1191 1453 qui
1214 1371 1344 1455 scripsit

130 1467 214 1530 πᾶσι
236 1460 269 1529 d'
297 1461 431 1552 ἀντέστη
450 1471 549 1542 θεοῖς.
572 1505 615 1514 —-

214 1586 349 1670 integer
376 1588 515 1672 denique
543 1609 668 1668 verene,
701 1590 756 1672 qni
784 1589 910 1654 videtur
940 1609 1009 1653 esse
1039 1591 1181 1674 spurius,
1213 1589 1341 1657 inverso

129 1689 240 1755 ordine
264 1691 384 1773 legitur
407 1689 512 1774 Sept.
535 1695 607 1755 497
632 1691 647 1754 f
652 1691 688 1771 t,
712 1691 768 1756 ubi
791 1691 890 1756 habet
911 1691 997 1756 Med.

258 1832 288 1892 1.
322 1824 405 1914 πρὸς
426 1825 491 1893 τὼν
512 1827 712 1916 κρατούντων
735 1823 767 1892 (l'
792 1825 895 1912 ἐσμέν,
920 1825 955 1896 οἳ
973 1826 1005 1895 δ’
1029 1827 1229 1920 ἡσσωμένων,

261 1936 291 1995 2.
325 1927 354 1995 εἰ
376 1930 456 2008 Ζεύς
478 1955 511 2016 γε
537 1935 637 2018 Τυφῶ
658 1926 887 2018 καοῑερώτορος
907 1931 1007 2022 μάχῃ·

236 2087 240 2102 .
260 2038 289 2099 3.
320 2029 481 2120 Ὑπερβίῳ
503 2058 538 2099 τε
561 2031 643 2119 πρὸς
665 2032 757 2120 λόγον
778 2038 835 2100 τοῦ
856 2034 997 2124 σήματος

258 2140 289 2200 4.
325 2133 410 2213 εἰκὸς
432 2160 465 2222 γε
488 2139 607 2222 πρᾶξιν
630 2133 746 2222 ἄνδρας
767 2127 825 2202 ‹to'
850 2133 1043 2215 ἀντιστάτας

261 2246 289 2304 5.
325 2239 430 2330 σωτὴρ
453 2235 565 2325 γένοιτ’
590 2234 629 2304 dv
651 2239 731 2317 Ζεὺς
754 2235 807 2304 a'rr'
831 2235 973 2317 ἀσπίδος
993 2239 1106 2322 τυχών.

129 2401 156 2442 v.
180 2385 210 2444 4.
241 2401 301 2464 pro
328 2375 414 2454 εἰκός
436 2402 469 2462 γε
491 2379 611 2463 πρᾶξιν
632 2400 747 2442 manus
770 2379 929 2442 recentior
957 2373 1043 2456 εἰκὸς
1065 2376 1100 2442 δὲ
1123 2374 1258 2462 πράξειν
1279 2398 1346 2442 cor-

133 2484 224 2548 rexit.
272 2482 430 2548 Versibus
458 2488 487 2546 2.
521 2486 549 2544 3.
578 2485 608 2544 4.
639 2487 657 2544 5
686 2481 858 2563 adscripsit
885 2503 999 2544 manus
1028 2504 1090 2545 rec.
1115 2481 1233 2544 saeculi
1256 2480 1345 2546 XIV

131 2584 243 2650 literas
264 2590 286 2667 β
304 2607 323 2669 y
344 2609 364 2648 ο
387 2584 415 2665 d,
439 2584 555 2666 quibus
578 2587 643 2647 v.4
666 2590 739 2666 post
765 2587 779 2646 1
803 2584 1021 2666 reponendum
1044 2605 1112 2648 esse
1133 2584 1346 2661 indicaretur3

132 2692 164 2750 et
184 2688 306 2771 legitur
321 2687 416 2769 vulgo
439 2687 472 2751 in
494 2708 574 2750 recc.
599 2686 764 2751 codicibus
786 2707 896 2751 versus
918 2680 1004 2761 εἰκὸς
1025 2684 1060 2750 δὲ
1083 2691 1142 2752 etc.
1163 2692 1237 2771 post
1259 2708 1286 2750 v.
1313 2690 1345 2764 13

133 2791 193 2854 nisi
216 2789 304 2873 quod
325 2791 402 2854 Par.
424 2788 467 2853 A.
490 2789 530 2852 Β.
554 2811 626 2854 eum
649 2796 723 2872 post
746 2795 764 2852 2
787 2795 973 2872 posuerunt.

218 2909 373 2976 Ostendit
399 2907 463 2974 hoc
490 2909 636 2992 exemplo
663 2909 885 2974 Weckleinius
915 2908 1065 2994 (Studien
1096 2931 1135 2974 zu
1162 2906 1345 2991 Aeschylus

133 3033 163 3092 p.
181 3014 247 3096 60),
272 3013 347 3076 Par.
364 3012 406 3074 A.
430 3017 462 3076 et
484 3012 663 3078 Medicenm
687 3034 725 3076 ex
750 3012 862 3076 eodem
883 3012 1058 3095 archetypo
1083 3032 1152 3076 esse
1174 3011 1346 3089 derivatos,

132 3115 165 3177 in
188 3137 253 3197 quo
270 3137 379 3179 versus
396 3115 542 3199 4-(quem
563 3122 747 3197 suspectum
764 3136 833 3178 esse
849 3113 940 3198 dicit)
957 3115 988 3178 in
1005 3115 1150 3196 margine
1166 3113 1347 3196 adscriptus

133 3215 258 3281 luisset.
305 3217 370 3282 Sed
393 3218 504 3282 mirari
527 3218 611 3298 licet,
635 3216 721 3298 qnod
744 3238 809 3280 non
824 3217 907 3281 vidit
919 3217 973 3281 ille
988 3240 1015 3280 v.
1034 3216 1064 3282 d.
1081 3221 1204 3281 ceteros
1220 3235 1347 3299 quoque

134 3319 261 3382 codices
284 3341 364 3383 recc.
387 3320 430 3384 ad
452 3320 588 3384 eundem
611 3320 821 3402 archetypum
839 3309 907 3384 esse
923 3319 1119 3400 referendos,
1144 3341 1183 3382 ex
1196 3318 1258 3382 hoo
1272 3317 1345 3382 loco

133 3443 228 3503 posse
252 3421 410 3484 concludi.
456 3423 546 3486 Dicit
568 3423 663 3502 enim,
686 3444 758 3487 enm
774 3443 923 3486 versuum
940 3422 1095 3502 ordinem,
1119 3421 1222 3504 quiin
1239 3419 1347 3484 codice

134 3525 280 3590 Mediceo
302 3525 403 3589 literis
424 3529 446 3606 β
468 3548 487 3608 y
508 3551 529 3588 oc
551 3525 570 3588 d
592 3525 763 3608 adscriptis
786 3525 1002 3605 indicaretur,
1026 3524 1100 3588 inde
1122 3525 1154 3589 iu
1177 3525 1348 3607 plerosque

134 3649 215 3692 rccc.
248 3627 374 3692 codices
404 3628 581 3692 transiisse.
632 3626 697 3692 Sed
725 3627 819 3709 longe
849 3627 943 3692 aliter
974 3649 1008 3692 se
1039 3649 1090 3690 res
1121 3625 1234 3690 habet:
1273 3647 1348 3690 nam

134 3721 249 3793 literas
273 3731 314 3794 ad
346 3731 536 3795 mutandum
565 3751 713 3794 versuum
742 3730 887 3794 ordinem
916 3729 1044 3795 saeculo
1066 3728 1155 3795 XIV
1183 3729 1216 3793 in
1239 3729 1348 3793 codice

134 3831 279 3896 Mediceo
303 3833 485 3917 adscriptas
509 3855 586 3912 esse,
610 3832 707 3896 modo
730 3833 852 3897 dictum
875 3838 933 3897 est.
978 3831 1135 3898 (lodicum
1151 3853 1226 3896 vero
1241 3853 1348 3896 recen-

135 3934 253 3998 tiorum
283 3937 453 4001 nonnnllos
482 3936 570 4001 velut
600 3934 755 4000 Cantabr.
785 3940 812 3998 1.
843 3934 936 3999 Oolb.
960 3939 978 3998 2
1008 3955 1075 4000 esse
1104 3935 1224 3998 saeculi
1253 3933 1349 3998 XIII

135 4037 196 4098 riri
219 4038 305 4101 docti
329 4040 546 4119 consentiunt,
570 4044 607 4103 ut
629 4037 732 4121 possit
753 4060 812 4121 pro
835 4036 1003 4121 explorato
1025 4037 1153 4115 haberi,
1183 4058 1222 4100 cx
1243 4035 1293 4100 his
1315 4035 1348 4099 in

136 4139 205 4202 cod.
242 4139 423 4206 Medicenm
464 4142 626 4206 inversum
670 4140 816 4205 ordinem
850 4163 1000 4206 versuum
1039 4163 1106 4206 esse
1144 4139 1348 4204 translatum.

138 4237 354 4321 Quamobrem
377 4245 547 4308 verisimile
570 4251 618 4308 est
641 4267 668 4307 v.
692 4248 713 4307 4
735 4265 773 4307 ex
796 4243 986 4327 archetypo,
1009 4244 1065 4310 ubi
1088 4243 1242 4307 fueritin
1263 4261 1348 4306 mar-

136 4343 210 4424 gine
239 4346 438 4428 adscriptus,
471 4368 500 4410 a.
524 4368 604 4411 recc.
628 4351 686 4411 aut
712 4351 788 4411 ante
810 4350 868 4410 ant
889 4351 963 4430 post
986 4369 1011 4410 v.
1036 4351 1054 4410 2
1077 4347 1110 4412 in
1132 4349 1257 4411 textum
1279 4363 1348 4410 esec

132 4453 309 4533 receptum.
