3134 4998
708 319 919 416 ...δέ-.-

258 514 302 578 sic
334 513 431 580 etiam
463 513 583 598 periodi
616 515 766 593 musicae,
801 514 914 599 quibus
942 535 1023 597 quac
1050 500 1253 597 exprimenda
1281 513 1370 576 erant

258 643 388 706 magna,
424 643 545 700 severa,
582 621 716 707 grandia
748 621 945 687 continuavit
977 624 1009 684 et
1040 621 1155 685 evolvit
1186 617 1368 703 Aeschylus,

259 730 365 795 nullae
388 735 472 795 sunt.
519 729 637 794 Eadem
662 730 842 816 argumenti
872 728 995 794 exilitas
1019 729 1153 794 effecisse
1176 728 1309 806 videtur,
1334 730 1370 791 ut

258 839 366 902 nostra
393 837 526 922 stropha
558 837 653 902 etiam
683 835 806 903 ambitu
834 835 962 922 reliquis
985 836 1165 919 Aeschyleis
1192 835 1233 898 sit
1256 835 1367 898 minor.

257 943 338 1009 Vide
361 944 398 1008 de
421 944 481 1009 hac
502 967 535 1008 re
558 943 831 1028 Rossb.-Westph.
856 949 917 1011 art.
940 946 1031 1010 metr.
1056 941 1114 1007 ll‘
1137 965 1166 1026 p.
1190 942 1265 1008 471.
1312 940 1369 1004 Vi·

258 1049 360 1116 dimus
383 1051 482 1136 igitur
504 1050 586 1116 hanc
607 1053 771 1135 stropham
796 1073 897 1135 neque
920 1050 989 1138 ἤδει
1010 1073 1112 1135 neque
1128 1049 1274 1114 ordinum
1290 1049 1369 1114 elec·

257 1159 344 1224 tione
366 1180 468 1242 neque
491 1158 711 1245 magnitudine
725 1158 932 1243 Aeschyleam
945 1157 1099 1244 originem
1115 1156 1262 1221 indicare.
1296 1153 1369 1220 Sola

258 1287 320 1345 res,
353 1288 434 1350 quae
468 1266 642 1351 Aeschyleo
670 1267 752 1331 mori
783 1289 849 1332 non
879 1265 998 1345 obstat,
1031 1269 1076 1330 est
1103 1264 1259 1342 clausula,
1288 1285 1369 1347 quae

258 1373 391 1458 Priapeo
423 1358 614 1440 continetur.
662 1373 699 1439 ln
732 1373 872 1459 Ohoeph.
906 1374 980 1440 603.
1017 1371 1160 1456 quidem,
1196 1374 1243 1442 ut,
1270 1393 1369 1434 unum

259 1482 438 1563 exemplum
474 1482 622 1559 afferam,
660 1481 718 1546 sub
750 1481 847 1546 finem
877 1480 1025 1566 strophae
1055 1479 1103 1544 bis
1135 1479 1275 1562 ponitur.
1321 1477 1369 1540 De

258 1588 432 1671 sttropha
418 1587 655 1653 trochaicat
605 1589 681 1654 satis
656 1586 893 1653 redictnmt
846 1591 900 1653 est.
948 1588 1115 1670 Deinceps,
1145 1591 1180 1651 ut
1166 1589 1272 1651 terat
1294 1605 1369 1734 pro·

262 1695 443 1778 positum(
434 1718 468 1759 ιιι
491 1697 706 1780 quaestionem
729 1699 882 1761 vocentur

324 1799 355 1864 2.
378 1799 561 1867 lambitat.
606 1801 688 1868 Sunt
673 1805 759 1869 tvv.
786 1802 912 1868 res-1
916 1803 999 1867 66:
965 1800 1235 1867 -t178-185e
1221 1731 1369 1882 tepodus

260 1908 442 1974 901-906.
492 1908 551 1975 Sed
575 1911 757 1994 priusquam
783 1909 821 1974 de
844 1909 951 1974 metris
975 1908 1111 1993 agimus,
1143 1928 1207 1972 non
1232 1906 1369 1970 alienum

259 2036 323 2079 esse
346 2015 430 2079 arbit
416 2019 485 2080 tror
508 2039 664 2100 perpauca
688 2017 726 2082 de
749 2017 850 2102 epodo
865 2017 1074 2099 praemittere.
1112 2013 1256 2079 Fuerunt
1241 2013 1367 2091 tenim,

258 2123 312 2204 qui
344 2144 412 2187 eam
443 2125 476 2187 in
507 2124 721 2206 strophamc
723 2124 856 2188 tantist
856 2124 993 2206 rophum
1018 2121 1235 2205 dispertiret
1205 2121 1369 2185 sttuderen

260 2228 436 2307 Elmsleins
452 2228 683 2308 Lachmannus‚
700 2229 899 2295 Hermannus
914 2230 977 2294 alii
1015 2229 1075 2294 Sed
1087 2251 1157 2293 cum
1168 2227 1369 2292 Hermanuus

259 2339 376 2401 errasse
398 2358 462 2401 sere
486 2337 551 2420 ipse
574 2337 722 2416 fateatur,
746 2359 811 2402 non
833 2341 890 2416 cst,
914 2338 1016 2402 curin
1032 2336 1140 2400 haere
1155 2335 1367 2400 multimmur.

259 2442 407 2528 Explicat
436 2445 481 2510 sio
512 2445 546 2509 in
574 2444 661 2512 elem.
685 2445 782 2512 doctr.
808 2448 897 2511 metr.
921 2468 952 2529 p.
979 2443 1060 2510 730:
1095 2443 1174 2524 ‘Quo
1199 2442 1232 2506 in
1255 2463 1370 2527 genere

260 2552 336 2630 (scil.
365 2553 399 2615 in
428 2551 549 2636 epodis)
577 2552 746 2638 diligenter
774 2551 949 2618 cavendnm
972 2555 1031 2630 est,
1060 2572 1100 2616 ne
1122 2549 1199 2614 haec
1222 2571 1270 2612 res
1293 2547 1369 2630 (scil.

259 2663 432 2726 metrorum
454 2661 643 2745 similitudo)
667 2662 810 2726 fraudem
834 2661 940 2737 faciat,
965 2682 1107 2745 quaeque
1121 2658 1215 2743 epodi
1228 2660 1312 2735 sunt,
1339 2658 1369 2720 in

261 2767 491 2852 antistrophica
513 2772 678 2854 cogantur.
725 2768 762 2832 Id
784 2763 876 2852 quod·
898 2771 930 2832 ct
957 2768 1036 2832 mihi
1064 2771 1096 2832 et
1124 2767 1193 2832 aliis
1225 2765 1369 2830 accidisse

261 2873 398 2953 memini.
436 2864 602 2959 'tantoque
617 2875 786 2958 proclivior
801 2875 851 2939 via
865 2873 905 2939 ad
920 2895 1057 2938 errorem
1073 2879 1129 2952 est,
1153 2871 1237 2956 quod
1253 2870 1369 2954 ubique

259 2980 346 3064 prius
370 2979 407 3044 de
431 2981 668 3066 antistrophicis
696 2982 791 3067 quem
815 2981 853 3046 de
877 2981 978 3066 epodo
1003 2981 1050 3045 vel
1074 2979 1137 3044 alio
1161 2977 1370 3061 responsionis

259 3087 381 3169 experti
404 3088 542 3154 carmine
565 3088 772 3174 cogitandum
794 3092 849 3154 est.
897 3087 1051 3171 Exempla
1074 3085 1262 3170 epodorum‚
1290 3106 1369 3168 quas

259 3193 351 3258 facile
379 3194 449 3278 quis
479 3217 536 3279 pro
564 3196 801 3280 antistrophicis
828 3195 943 3260 habere
967 3195 1080 3279 possit,
1108 3193 1314 3258 inveniuntur
1336 3191 1369 3255 in

259 3300 448 3367 Prometheo
472 3325 500 3369 v.
515 3304 590 3369 425.
608 3325 635 3368 v.
651 3304 736 3370 900³.
765 3303 886 3368 Deinde
900 3306 937 3368 ut
951 3301 1043 3386 epodi
1057 3301 1193 3365 formam
1207 3300 1370 3364 metricam

259 3429 494 3490 cognoscamus,
519 3410 612 3475 missa
636 3410 787 3476 faciamus
806 3433 884 3494 opus
899 3415 953 3488 est,
978 3431 1059 3493 quae
1075 3409 1134 3472 viri
1148 3407 1233 3472 docti
1248 3407 1370 3471 coniec-

258 3516 338 3579 turis
347 3519 379 3579 et
389 3517 554 3583 verborum
567 3517 802 3583 traiectionibus
813 3518 842 3582 ei
853 3516 1039 3582 intulerunt.
1061 3515 1172 3599 ltaque
1187 3535 1251 3578 non
1261 3533 1371 3596 super-

258 3643 430 3688 vacaneum
446 3625 570 3690 ridetur
588 3648 657 3690 cam
676 3625 887 3704 exhibereita‚
903 3628 939 3689 ut
959 3627 1014 3701 est,
1038 3624 1071 3686 in
1081 3621 1221 3687 Mediceo
1235 3618 1368 3684 tradita:

470 3731 536 3818 ἐμοὶ
559 3730 630 3797 δ’δοι
652 3737 703 3819 μὲν
726 3728 840 3818 ὁμαλὸς
863 3729 879 3794 ὁ
902 3735 999 3816 γάρος

471 3839 587 3926 ἄφοβος
609 3836 644 3904 ot
667 3841 755 3916 δέδια,
780 3839 856 3926 μηδὲ
878 3843 1048 3924 κρεισσόνων

472 3949 551 4014 θεῶν
573 3945 647 4031 ἔρως
670 3946 799 4035 ἄφυκτον
821 3945 906 4033 ὄμμα
927 3946 1107 4030 προσδράκοι
1130 3967 1173 4030 pe.

472 4053 622 4140 ἀπόλεμος
645 4052 695 4118 ‘coe
717 4052 763 4135 r't
786 4055 925 4138 πόλεμος,
949 4051 1049 4135 ἄπορα
1071 4055 1203 4137 πόριμος,

418 4163 446 4229 5.
471 4158 532 4226 οὐδ’
556 4159 619 4247 ἔχω
641 4167 685 4234 τίς
708 4159 743 4225 ἂν
766 4165 909 4247 γενοίμαν.

470 4271 522 4333 τὰν
544 4265 614 4341 Διὸς
636 4271 692 4352 γὰρ
715 4264 772 4353 οὐχ
795 4264 853 4352 ὁρῶ

471 4387 554 4461 μῆτιν
576 4372 637 4438 tna
659 4371 774 4462 ptro‘rp'
799 4373 843 4438 ἄν.
