3134 4998
685 1254 818 1362 Pars
858 1255 903 1360 ΙΙ.

273 1594 336 1658 His
357 1595 458 1677 igitur
480 1597 650 1682 expositis,
680 1619 744 1663 nou
767 1595 924 1662 audaciae
956 1601 1014 1660 aut
1035 1597 1228 1661 temeritatis
1251 1617 1302 1660 me
1324 1601 1407 1680 puto

188 1698 332 1762 accusari
354 1719 449 1781 posse
472 1701 517 1782 si,
541 1701 628 1785 quod
649 1699 746 1784 vulgo
770 1699 889 1780 fertur,
918 1699 987 1764 cod.
1011 1698 1193 1764 Mediceum
1213 1720 1312 1764 unum
1335 1721 1407 1764 esse

187 1799 310 1866 fontem
338 1806 519 1867 ceterorum
546 1804 707 1884 codicum,
720 1807 758 1868 'a
791 1801 880 1867 nullo
900 1802 966 1866 iam
995 1822 1064 1867 esse
1086 1802 1182 1867 certis
1205 1787 1408 1885 argumentis

185 1901 358 1987 probatum
381 1905 584 1972 contendam.

272 2005 425 2072 Ostendit
451 2007 582 2091 quidem
611 2007 771 2088 Sorofius,
803 2003 926 2070 alibro
950 2025 970 2068 a
991 2004 1137 2071 Mediceo
1161 2006 1287 2071 diverso
1310 2005 1407 2072 codd.

185 2129 266 2173 rece.
296 2131 365 2174 esse
394 2111 581 2194 descriptos.
627 2112 725 2177 Hunc
752 2113 861 2174 autem
884 2107 1026 2172 codicem
1048 2129 1196 2174 manasse
1218 2131 1234 2174 e
1257 2109 1408 2174 Mediceo

191 2234 263 2277 cum
286 2212 340 2278 ille
365 2234 427 2277 non
456 2213 740 2294 demonstraverit,
763 2210 867 2295 possit
895 2210 1044 2292 cogitari,
1067 2212 1172 2296 ipsum
1196 2211 1338 2277 codicem
1360 2212 1407 2276 A.

189 2336 258 2380 esse
284 2315 504 2400 archetypum,
529 2339 545 2382 e
562 2339 626 2401 quo
642 2315 727 2382 Med.
745 2333 874 2398 quoque
890 2315 932 2376 sit
947 2311 1137 2398 descriptus.
1183 2315 1280 2400 Quod
1295 2320 1408 2379 tamen

185 2439 225 2481 ne
249 2417 459 2501 arbitremur,
483 2421 576 2486 multi
600 2420 734 2485 obstant
755 2417 834 2497 loci,
858 2414 927 2494 ubi,
957 2435 1030 2480 oum
1051 2418 1213 2500 integram
1235 2419 1407 2502 archetypi

186 2520 357 2593 lectionem
388 2525 563 2588 servaverit
593 2523 661 2588 cod.
685 2521 787 2602 Med,
819 2517 918 2582 ceteri
946 2539 1055 2584 omnes
1081 2521 1193 2586 eodem
1222 2521 1317 2587 modo
1340 2523 1406 2586 sint

186 2625 390 2708 interpolati,
421 2627 468 2691 ita
498 2633 535 2690 ut
565 2648 629 2691 non
660 2627 702 2690 sit
732 2620 915 2710 probabile,
947 2642 1055 2687 omnes
1084 2624 1234 2690 librarios
1263 2645 1341 2689 casu
1370 2625 1405 2689 in

187 2727 322 2792 eandem
354 2729 635 2813 interpolationem
663 2727 823 2792 incidisse.
869 2723 1021 2808 Exempli
1048 2728 1157 2810 gratia
1184 2727 1284 2791 affero
1310 2727 1404 2791 Pers.

186 2851 214 2892 v.
231 2832 305 2910 475,
328 2831 384 2896 ubi
406 2853 465 2915 pro
487 2826 661 2916 αἱροῦνται,
685 2831 772 2913 quod
794 2832 983 2915 corruptum
1005 2851 1043 2894 ex
1066 2824 1210 2915 αἴρονται
1227 2829 1296 2895 cod.
1313 2830 1402 2895 Mad.

185 2933 325 3014 exhibet,
348 2935 381 2998 in
405 2935 553 2998 omnibus
574 2933 665 2999 codd.
682 2955 764 3000 rece.
782 2940 890 2999 exstat
905 2933 1102 3015 interpolata
1116 2933 1212 2998 lectio
1229 2927 1404 3018 αἱροῦνται.

186 3035 404 3120 Quamobrem
434 3037 513 3101 mihi
539 3038 670 3120 quidem
699 3043 752 3102 est·
775 3058 980 3121 persuasum,
1013 3057 1052 3100 ex
1081 3036 1195 3102 eodem
1226 3036 1404 3119 archetypo

186 3137 312 3204 codices
335 3138 378 3203 A.
403 3143 436 3203 et
456 3138 638 3205 Mediceum
660 3160 826 3221 manasse,
856 3139 943 3222 quod
965 3140 1020 3220 iis,
1049 3160 1132 3221 quae
1152 3137 1286 3204 afferam
1309 3160 1404 3222 argu-

184 3242 301 3307 mentis
325 3243 610 3326 comprobaturum
631 3264 682 3308 me
705 3264 775 3308 esse
798 3262 902 3324 spero.
925 3279 968 3288 -
989 3241 1047 3307 Ad
1069 3262 1269 3306 communem
1292 3246 1402 3306 autem

184 3345 397 3429 archetypum
425 3351 599 3426 utrumque
627 3345 744 3410 librum
776 3365 845 3410 esse
873 3344 1094 3425 referendum,
1127 3365 1163 3410 eo
1186 3344 1402 3410 demonstrari

183 3454 291 3532 potest
312 3448 501 3531 gravissimo
518 3448 712 3528 testimonie,
737 3447 825 3532 quod
839 3448 1004 3514 interdum
1026 3449 1121 3528 vitia,
1145 3469 1227 3530 quae
1250 3447 1400 3514 latentia

183 3551 313 3616 traditis
336 3550 455 3631 verbis,
481 3543 552 3616 cum
575 3551 698 3616 intacta
721 3551 890 3635 reliquerit
911 3551 1064 3617 librarius
1084 3551 1126 3618 A.
1150 3552 1347 3635 interpolata
1369 3556 1402 3616 et

183 3662 368 3740 propagata.
391 3661 467 3720 sunt
489 3675 509 3719 a
530 3652 665 3718 libraria
686 3654 843 3720 Medieeo.

269 3759 396 3824 Prom.
421 3761 502 3822 618.
549 3756 622 3821 Ioni
644 3757 874 3842 interroganti:

270 3855 383 3925 odacar
405 3858 519 3946 πόροις
543 3851 581 3921 dir
604 3856 696 3946 τήνδε
718 3856 838 3945 δωρεὰν
859 3855 948 3942 ἐμοῖς
970 3856 1145 3943 respondet
1167 3858 1400 3925 Prometheus:

268 3959 331 4049 λέγ’
355 3957 450 4051 ἥντιν’
475 3957 572 4026 αἰτεῖ·
597 3964 665 4025 πᾶν
687 3958 746 4046 γὰρ
768 3956 807 4026 ἂν
829 3959 953 4028 πύθοιό
975 3986 1046 4044 μον.

270 4067 335 4134 Sed
370 4065 515 4152 quamvis
547 4065 589 4129 sit
618 4071 740 4131 certum
771 4065 851 4130 haec
881 4067 928 4132 ita
959 4066 1000 4130 ab
1032 4065 1102 4147 ipso
1134 4063 1297 4150 Aeschylo
1332 4084 1399 4129 esse

154 4161 156 4165 ’
184 4172 321 4255 scripta,
349 4177 458 4235 tamen
485 4189 680 4251 magnopere
710 4167 785 4232 libri
818 4167 986 4234 fluctuant.
1032 4165 1086 4232 Sic
1115 4167 1199 4232 enim
1228 4167 1284 4232 alii
1311 4165 1398 4232 aliud

183 4275 334 4340 tradunt:

271 4379 339 4442 πᾶν
373 4372 433 4461 γὰρ
459 4363 514 4438 cdv
543 4367 668 4440 πύθοιό
690 4397 751 4456 μου
773 4374 859 4439 Med.
883 4368 994 4438 πάντα
1015 4369 1075 4459 γὰρ
1097 4365 1224 4439 πύθοιό
1245 4395 1301 4455 μοι
1323 4371 1396 4458 (sio)

186 4479 227 4546 G.
251 4478 334 4548 Ven.
361 4482 376 4540 1
401 4477 462 4545 Ox.
489 4477 556 4541 adv
583 4474 643 4562 γὰρ
665 4472 828 4542 taulbord
849 4499 910 4558 μου
933 4475 1023 4561 Lips.
1046 4476 1132 4558 Aug.
1153 4473 1248 4541 Vind.
1274 4480 1303 4540 2.
1320 4480 1348 4540 3.
1366 4479 1395 4538 4.
