3134 4998
564 1403 848 1497 Praelatio.

226 1655 390 1758 Nondum
415 1689 510 1754 multi
540 1695 615 1755 sunt
642 1691 728 1769 1111,
762 1711 833 1755 cum
865 1689 925 1754 1111
956 1689 1041 1755 docti
1072 1687 1111 1756 dc
1142 1688 1264 1774 origine

152 1796 326 1880 Aeschylea
348 1795 460 1860 Prome
461 1795 528 1862 thei
551 1797 774 1880 fabulaeque
797 1796 924 1880 quidem
947 1795 1050 1861 forma
1071 1795 1191 1862 tradita
1212 1795 1263 1875 sit,

151 1901 185 1967 in
186 1904 236 1966 ter
257 1923 289 1966 se
313 1901 539 1988 digladiantur
585 1901 668 1966 Nam
692 1924 764 1967 1111
786 1907 881 1968 antee
902 1923 994 1967 nemo
1024 1902 1059 1966 iu
1088 1903 1171 1967 hanc
1198 1923 1265 1967 rem
1397 1925 1400 1932 ’

152 2009 369 2092 quaestionem
388 2009 584 2089 instituisset,
608 2009 784 2074 novissimis
796 2009 992 2094 temporibus
1005 2013 1070 2074 noir
1086 2009 1264 2089 defuerunt,

153 2137 290 2198 quorum
312 2119 403 2182 acute
426 2115 616 2200 disputando
639 2117 694 2181 alii
717 2115 780 2182 alia
802 2117 989 2194 invenirent,
1014 2138 1095 2201 quae
1108 2116 1265 2202 Aeschylo

154 2223 203 2286 vel
226 2223 361 2288 maxime
383 2226 608 2308 repugnarent.
641 2223 766 2288 Primus
788 2223 866 2287 artis
889 2223 1037 2288 metricae
1060 2223 1184 2289 ratione
1208 2223 1266 2290 ha·
1369 2286 1372 2292 .

154 2329 221 2394 bita
245 2329 444 2397 Godofredus
470 2329 708 2395 Burmannus
739 2331 872 2395 offendit
902 2331 936 2395 11
965 2329 1073 2395 crebro
1101 2352 1160 2396 usu
1188 2349 1266 2396 anc-

155 2441 345 2520 paestorum,
370 2437 480 2519 quiin
504 2437 607 2521 primo
630 2437 766 2501 trimetri
789 2436 867 2520 pede
890 2436 1016 2502 admissi
1034 2443 1119 2517 sunt,
1142 2458 1214 2503 cum
1228 2438 1268 2506 de

155 2542 299 2627 partibus
334 2543 452 2608 melicis
487 2565 657 2628 earumque
694 2543 774 2608 mira
810 2543 1036 2628 compositione
1068 2565 1170 2628 neque
1199 2546 1268 2630 ipse

156 2650 327 2734 quidquam
352 2650 468 2714 diceret
490 2672 592 2734 neque
614 2654 708 2715 autea
722 2651 890 2734 quisquam
902 2649 997 2715 verbe
1012 2650 1145 2719 fecisset.
1182 2651 1267 2719 Lon-

155 2776 233 2841 gum
264 2755 337 2821 inde
368 2755 540 2836 silentium,
572 2779 671 2842 usque
702 2758 791 2837 dum,
828 2757 979 2843 gliscente
1010 2759 1088 2823 artis
1119 2763 1268 2826 metricae

153 2863 349 2948 tragicorum
358 2861 549 2930 Graecorum
563 2865 676 2945 studio,
692 2864 948 2931 Rossbachius
962 2864 1268 2950 etWestphalius

156 2970 257 3036 exorti
278 2973 362 3049 sunt,
387 2972 590 3038 metricorum
613 2972 706 3038 huius
729 2973 842 3038 aetatis
863 2972 1039 3038 studiorum
1056 2974 1267 3060 antesignani,

28 3105 32 3111 ·
156 3077 211 3159 qui
233 3076 322 3140 arida
345 3077 553 3161 explicatione
576 3082 608 3142 et
631 3079 839 3162 descriptione
862 3077 1047 3158 formarum,
1071 3079 1185 3162 quibus
1201 3081 1267 3146 sin·
1363 3140 1384 3156 v

155 3184 224 3270 guli
247 3183 372 3248 ordines
394 3191 427 3249 et
449 3207 555 3250 versus
578 3185 897 3271 comprehenduntur,
921 3208 986 3251 non
1009 3188 1151 3252 contenti
1174 3188 1269 3274 primi

155 3291 304 3374 syntaxin
336 3293 500 3357 metricam
532 3294 628 3377 plane
663 3292 841 3378 neglectam
871 3296 966 3358 antea
997 3297 1029 3358 et
1060 3293 1268 3379 disciplinam,

156 3420 219 3489 qua
241 3398 445 3482 stropharum
462 3421 579 3486 genera
598 3402 631 3465 11
648 3398 718 3486 ἤθει
734 3406 766 3466 11
784 3421 842 3464 111
857 3399 1105 3486 distinguuntur,
1129 3403 1270 3489 aggressi

156 3508 240 3571 sunt.
295 3505 413 3582 Quibus
443 3507 619 3572 rationibus
651 3513 772 3590 quanta
804 3507 859 3571 lux
892 3507 1045 3574 affulserit
1074 3509 1270 3594 tragicorum

157 3613 349 3680 Graecorum
362 3615 511 3681 1111111111
533 3637 574 3680 11
596 3615 619 3680 ii
639 3615 766 3698 quidem
780 3636 845 3679 non
860 3615 1094 3695 intellexerunt,
1117 3616 1172 3700 qui
1187 3639 1269 3682 non·

157 3722 246 3786 nulla
268 3721 332 3786 alia
354 3721 394 3786 ab
417 3722 480 3786 illis
498 3723 626 3806 prolata
644 3723 919 3808 impugnaverant.
952 3721 1172 3788 Monstrarunt
1185 3723 1270 3789 enim

157 3825 215 3906 illi,
237 3851 301 3912 que
325 3828 373 3893 via
396 3851 432 3894 1ο
456 3829 605 3915 progredi
622 3829 784 3913 possimus,
808 3832 921 3893 utnon
935 3829 1047 3909 solum,
1072 3851 1153 3913 quae
1166 3831 1270 3896 cuiue·

157 3955 218 4019 que
246 3940 358 4019 poetae
385 3937 517 4020 propria
546 3937 619 4016 sint,
653 3958 885 4023 cognoscamus,
918 3936 971 4000 scd
1004 3937 1100 4001 etiam
1130 3937 1162 4002 in
1195 3938 1271 4022 ipsis

157 4034 293 4107 eiusdem
316 4047 428 4127 poetae
451 4043 597 4127 operibus
620 4043 812 4108 differentiae
830 4043 975 4108 metricas
988 4043 1269 4128 deprehendamus.

156 4146 267 4231 Neque
298 4171 379 4232 quae
411 4150 449 4214 de
477 4149 657 4216 Promethei
689 4150 915 4235 compositione
946 4150 1076 4215 metrica
1106 4151 1270 4229 senserint,

158 4254 334 4339 dispergere
357 4257 538 4334 omiserunt,
562 4264 600 4321 ut
613 4279 694 4342 quae
707 4257 851 4342 angustis
874 4261 906 4321 et
928 4257 1058 4321 concisis
1081 4249 1271 4340 disputatio-

158 4361 250 4426 nibus
283 4381 426 4444 expressa
459 4363 621 4428 nobiscum
644 4363 918 4427 communicarunt
949 4363 983 4427 11
1015 4363 1092 4427 artis
1124 4356 1272 4428 metricae

1098 4469 1110 4524 l
