3134 4998
800 292 843 358 28

266 487 409 569 exemplo
434 487 610 552 enuclesssc
632 487 760 552 sufficit.
806 486 841 550 In
866 485 950 553 Pers.
977 487 1071 552 1045.
1096 488 1222 571 quidem
1245 487 1377 572 stropha

265 595 309 658 sic
331 594 455 659 finitur:
481 591 511 658 οἲ
531 595 615 680 μάλα
636 598 690 658 καὶ
711 592 771 659 τόδ’
794 593 885 675 ἀλγῶ.
925 593 997 659 Non
1019 594 1103 659 idem
1117 595 1316 660 sentiendum
1331 600 1378 660 est

266 701 305 765 de
326 701 476 784 strophae
497 704 589 784 parte
612 702 722 781 altera,
747 724 827 786 quae
850 701 923 766 inde
946 724 975 768 a.
991 725 1020 768 v.
1037 702 1108 767 164.
1133 702 1255 786 incipit.
1294 701 1378 788 Nam

266 831 338 872 eum
352 808 526 893 Aeschylus
548 809 582 872 in
600 808 807 892 stropharum
820 809 882 874 fine
895 809 1051 893 tripodias
1066 808 1238 892 dactylioas
1252 808 1376 887 habeat,

266 919 374 981 tamen
406 916 557 981 eiusmodi
590 916 757 1000 epodicon,
791 917 884 999 quale
912 917 971 982 hoc
999 919 1058 994 est,
1093 914 1211 981 frustra
1239 936 1378 999 quaeres.

267 1021 550 1087 Adnumerandum
578 1023 661 1088 enim
690 1027 737 1088 est
766 1024 803 1087 iis
835 1023 973 1106 strophis
1005 1022 1150 1106 Euripidi
1182 1023 1377 1108 gratissimis,

266 1151 402 1214 quarum
435 1133 536 1194 metra
562 1129 773 1194 Rossbachius
805 1133 838 1194 et
865 1129 1082 1214 Westphalius
1113 1130 1274 1213 aptissime
1311 1129 1379 1213 epi·

265 1236 415 1319 syntheta
437 1237 559 1321 tragica
582 1237 838 1303 nominaverunt.
885 1235 1051 1302 Indueitur
1073 1235 1225 1321 epodicon
1239 1235 1379 1321 tripodis

269 1343 424 1426 dactylica
447 1344 638 1423 catalectico,
663 1366 760 1428 quam
774 1343 941 1409 aPindaro
956 1344 1123 1428 repetitam
1138 1365 1260 1409 versum
1276 1342 1379 1409 iacere

268 1449 348 1514 solet
376 1450 560 1535 Euripides,
594 1457 630 1517 ut
662 1452 696 1515 in
727 1450 841 1518 Troad.
877 1451 1109 1530 roae-1099,
1143 1450 1258 1516 Electr.
1291 1451 1378 1530 482,

269 1557 384 1624 Alcest.
412 1559 495 1636 114,
520 1559 590 1623 aliis
612 1559 702 1638 locis,
728 1579 806 1642 quos
828 1580 1012 1623 enumerare
1036 1579 1144 1623 omnes
1167 1558 1299 1643 longum
1322 1560 1378 1622 est.

268 1664 452 1748 Sequuntur
475 1666 613 1750 tripodis
636 1666 806 1744 trochaica,
829 1665 969 1749 tripodis
993 1665 1149 1751 dactylica
1172 1664 1219 1729 bis
1233 1665 1377 1748 repetita,

267 1772 403 1855 denique
426 1772 661 1850 Pherecratem,
695 1773 751 1857 qui
783 1794 891 1838 omnes
924 1794 1028 1837 versus
1051 1770 1230 1856 Euripideis
1253 1771 1378 1855 episyn-

267 1878 365 1944 thetis
396 1884 503 1963 τρόπου
534 1880 738 1946 bennanhusun
765 1879 917 1944 simillimi
944 1883 1028 1944 sunt.
1074 1878 1232 1943 Latiorem
1266 1878 1378 1942 horum

268 1990 441 2052 metrorum
477 1988 719 2072 explicationem
750 2010 836 2052 nunc
867 1986 978 2052 differo
1009 1988 1043 2050 in
1073 1985 1209 2070 epodum
1240 2007 1269 2051 v.
1303 1984 1378 2051 425.

268 2092 365 2178 paulo
393 2094 477 2158 infra
506 2094 718 2160 tractandum.
765 2093 823 2158 His
850 2094 888 2158 de
915 2092 1048 2179 singulis
1071 2091 1210 2156 versibus
1232 2091 1381 2176 expositis

267 2200 467 2285 relinquitur,
501 2206 538 2264 ut
569 2200 607 2265 de
634 2223 743 2288 eorum
766 2201 801 2264 in
832 2201 997 2283 stropham
1031 2199 1253 2265 coniunctione
1286 2199 1380 2264 verba

267 2306 430 2376 faciamus.
467 2307 540 2374 Jam
564 2329 660 2392 supra
683 2308 827 2386 vidimus,
850 2307 994 2391 singulos
1017 2328 1122 2371 versus
1145 2305 1296 2371 iambicos
1324 2328 1380 2389 per

267 2436 299 2478 se
328 2415 535 2499 perlustratus
558 2415 715 2500 Aeschylo
744 2437 809 2480 non
837 2435 901 2480 esse
923 2413 1156 2480 abiudieandos.
1202 2412 1262 2478 Sed
1286 2412 1379 2496 quale

266 2526 313 2587 est
336 2515 520 2602 aedificium,
544 2524 631 2608 quod
654 2523 710 2588 illa
731 2525 863 2588 materia
877 2523 1070 2588 exstruitur?
1093 2521 1163 2604 quis
1178 2524 1226 2585 est
1241 2520 1378 2586 artifex?

267 2631 460 2714 Aeschylum
482 2631 567 2697 hand
591 2631 683 2697 facile
706 2632 848 2696 dixerim.
895 2630 986 2707 Quod
1010 2630 1094 2695 enim
1117 2651 1223 2694 versus
1245 2628 1378 2714 singulis

268 2737 429 2802 ordinibus
452 2739 656 2804 continentur
678 2739 719 2802 ad
743 2731 948 2820 Aeschyleam
972 2737 1127 2822 originem
1151 2734 1380 2804 defendendam

269 2845 374 2909 afferri
401 2845 527 2930 nequit,
556 2868 627 2910 cnm
659 2847 737 2912 haec
765 2846 816 2910 lex
843 2865 1049 2909 numerorum
1080 2847 1197 2909 natura
1219 2844 1382 2928 postulata

268 2975 332 3016 non
360 2953 464 3017 solnm
486 2956 520 3017 in
544 2953 727 3038 Aeschylea,
750 2952 804 3017 sed
827 2953 922 3016 etiam
946 2950 1117 3034 Euripides
1139 2955 1172 3016 et
1194 2950 1324 3015 omnino
1347 2950 1382 3013 in

246 3059 432 3144 tragoedia
459 3064 608 3125 servetur.
655 3061 724 3136 Quo
751 3059 884 3126 maiores
911 3059 1050 3142 scrupuli
1079 3062 1215 3136 restant,
1243 3055 1325 3140 quod
1351 3061 1383 3121 et

269 3169 302 3230 in
329 3165 462 3250 stropha
484 3170 517 3230 et
539 3167 572 3230 in
601 3167 703 3252 epodo
728 3187 837 3238 omnes
860 3188 975 3243 versus,
999 3186 1063 3249 qua
1086 3169 1258 3249 coeperunt
1280 3163 1383 3228 subla·

269 3274 356 3339 tione
378 3277 410 3337 et
438 3274 601 3357 positione,
635 3274 675 3339 ad
707 3275 802 3339 finem
834 3296 932 3358 usqne
960 3272 1216 3358 progrediuntur.
1272 3250 1384 3356 Neque

270 3402 461 3465 quemqnam
484 3381 564 3446 mihi
577 3382 702 3447 crimini
716 3382 866 3446 daturum
880 3403 980 3464 spero,
997 3380 1081 3463 quod
1092 3380 1206 3458 iudico,
1222 3382 1385 3444 auctorem

271 3487 451 3552 Promethei
466 3488 500 3552 in
512 3488 652 3573 strophis
666 3489 833 3555 trochaicis
852 3495 885 3553 et
897 3488 1037 3554 iambicis
1051 3487 1220 3552 condendis
1234 3486 1266 3549 id
1281 3486 1384 3568 ipsum

269 3596 366 3681 egisse
389 3595 468 3660 mihi
483 3595 591 3674 videri,
615 3599 652 3660 ut
665 3595 736 3661 illos
750 3601 874 3682 χρόνους
888 3599 1053 3682 τρισήμοος,
1078 3595 1132 3678 qni
1151 3595 1385 3680 μεγαλοπρεπείᾳ

268 3713 391 3788 τραγικῇ
424 3726 521 3786 quam
553 3704 766 3768 efficacissime
798 3703 1024 3781 inserviebant,
1058 3702 1118 3767 sibi
1149 3700 1383 3767 molestissimos

270 3832 286 3874 e
318 3811 438 3875 mundo
461 3812 598 3876 tolleret.
645 3812 708 3876 Ubi
730 3811 859 3876 tandem
883 3815 930 3876 est
952 3810 1068 3876 artifex
1091 3810 1154 3888 ille,
1179 3809 1234 3893 qui
1257 3831 1295 3872 ex
1319 3809 1386 3872 for-

270 3919 328 3982 mis
350 3918 544 4002 simplicibus
557 3919 673 3984 itcrum
687 3920 866 4002 iterumque
880 3941 978 3983 novas
992 3917 1179 4003 procreavit,
1204 3938 1268 4000 qua
1282 3916 1383 3980 varie-

269 4029 336 4090 tate
374 4025 541 4108 multiplici
578 4024 819 4109 admirabilique
857 4026 977 4102 omnia,
1015 4045 1096 4107 quae
1133 4022 1243 4087 eadem
1281 4044 1315 4086 re
1351 4025 1383 4086 et

270 4131 439 4215 Sophocles
462 4134 494 4195 et
507 4130 674 4216 Euripides
697 4132 932 4214 praestiterunt,
957 4130 1049 4194 facile
1072 4133 1244 4214 superaret.
1283 4129 1384 4205 Quam

268 4227 372 4323 ipsam
396 4239 582 4304 varietatem
605 4239 812 4324 cognoscendi
834 4238 975 4304 studium
997 4237 1109 4322 perdiu
1133 4237 1386 4302 doctissimorum

271 4347 409 4412 virorum
446 4348 574 4434 ingenia
607 4349 725 4413 frustm
759 4348 911 4425 exercuit,
949 4351 985 4411 ut
1016 4345 1179 4412 libidinem
1211 4346 1316 4428 potius
1348 4367 1385 4409 ac
