3134 4998
782 327 868 412 14,

245 525 470 608 segregatus
485 544 563 588 oum
580 523 754 606 proximo
777 543 883 588 versu
900 545 972 588 una
989 525 1253 608 perpetuitate
1267 545 1358 590 oon·

245 631 433 715 iungitur.
482 627 521 695 ln
553 629 635 694 hune
665 652 733 696 rem
764 630 1045 696 considerationem
1073 630 1212 697 intendit
1238 632 1359 715 primus
1401 663 1407 672 ·

247 736 281 803 ll.
314 735 487 815 Martinus,
520 735 558 801 de
590 738 845 820 responsionibus
876 737 1007 802 diverbii
1039 737 1124 822 apud
1156 738 1357 822 Aeschylum,

246 844 350 910 Berol.
378 845 473 923 1862,
497 866 528 929 p.
554 845 605 910 10.
652 844 742 920 Quod
767 866 841 909 vero
867 867 898 928 p.
925 847 976 912 71.
999 845 1131 912 eundem
1162 845 1358 930 senariorum

246 951 500 1016 coniunctionem
523 951 561 1016 de
576 949 777 1034 supplicibus
799 955 906 1036 neget,
930 973 995 1016 non
1019 952 1184 1028 assentior;
1207 951 1359 1036 firgernnt

245 1060 330 1124 enim
352 1080 424 1123 enm
446 1079 493 1123 vv.
519 1058 592 1136 769,
616 1057 670 1122 ubi
692 1061 765 1142 post
787 1061 940 1141 punctum
963 1061 1152 1142 sequuntur:

881 1184 956 1271 φιλεῖ

457 1287 740 1361 sursumsunt
762 1291 923 1374 κυβερνήτῃ
947 1300 1040 1376 σοφῷ,

247 1401 279 1464 et
302 1399 375 1464 772.

882 1487 917 1548 σὺ
940 1486 971 1549 δὲ

458 1602 569 1679 φρονεῖν
591 1596 643 1678 μὲν
664 1589 706 1665 ὥς
728 1593 876 1677 ταρβοῦσα
898 1591 1037 1679 indulsisti
1058 1593 1146 1657 θεῶν.

313 1734 495 1802 Ceterarum
517 1735 698 1800 fabularum
722 1737 864 1820 exemplu
886 1740 962 1800 sunt
984 1735 1067 1802 Pers.
1090 1736 1166 1815 486,
1201 1733 1255 1799 ubi
1277 1735 1359 1799 relu-

245 1844 312 1908 tivo
336 1839 371 1908 οὖ
394 1843 552 1927 sequentis
574 1843 688 1908 senarii
711 1843 867 1908 sententia
890 1843 999 1909 initur.
1046 1841 1136 1918 Quod
1165 1841 1246 1906 idem
1275 1840 1360 1906 ondit

245 1951 280 2014 in
304 1950 430 2016 voculas
452 1954 479 2014 τί
493 1952 550 2033 γὰρ
572 1950 606 2013 in
629 1949 742 2035 Agam.
757 1951 831 2028 601,
856 1947 996 2033 Choeph.
1023 1951 1096 2030 703,
1119 1953 1146 2014 τί
1159 1943 1222 2013 δὀἱ)
1244 1946 1358 2033 Agum.

247 2057 321 2134 556,
345 2057 437 2121 πόθεν
459 2055 599 2140 Ohoeph.
625 2056 701 2134 256,
726 2053 798 2139 ἅπερ
821 2053 912 2120 llum.
935 2056 1007 2133 131,
1032 2053 1075 2120 ὅτι
1098 2053 1187 2122 Elum.
1207 2052 1260 2121 98.
1301 2054 1359 2119 Vi-

247 2164 355 2229 demus
377 2164 476 2248 igitur
498 2162 559 2226 huo
580 2163 613 2227 iu
637 2185 671 2228 re
687 2162 875 2246 Aeschylum
891 2163 1067 2246 praeivisse,
1090 2162 1144 2229 sed
1167 2161 1251 2247 quod
1275 2161 1359 2226 anti-

247 2272 339 2356 quior
360 2270 525 2356 tragoedis
548 2271 673 2354 peruius
696 2268 841 2348 habebat,
865 2270 900 2335 in
923 2293 960 2335 eo
982 2271 1090 2336 creber
1103 2270 1166 2335 fuit
1180 2269 1359 2336 Promethei

247 2381 368 2455 auctor,
392 2380 429 2442 ut
451 2398 553 2441 sermo
576 2376 641 2441 eius
664 2376 841 2442 simillimus
863 2376 905 2441 sit
928 2376 1111 2461 Sophocleo,
1144 2377 1199 2461 qui
1221 2398 1288 2441 non
1310 2398 1360 2441 so·

247 2487 314 2551 lum
337 2484 468 2550 exilibus
491 2483 619 2562 voculis,
652 2489 689 2549 ut
717 2482 775 2564 ἵνα,
807 2482 858 2564 ὅτι,
887 2482 967 2557 ὅπως
998 2484 1067 2549 aliis
1089 2484 1124 2549 in
1145 2505 1251 2550 uersus
1274 2484 1360 2548 exitu

247 2592 357 2678 positis
378 2594 485 2670 scatet,
516 2590 571 2656 sed
603 2613 701 2674 usque
732 2613 768 2655 eo
800 2592 1010 2677 progreditur,
1043 2594 1079 2656 ut
1105 2589 1218 2657 ultimo
1240 2590 1360 2675 peden

248 2699 357 2765 ueteris
380 2698 536 2762 disiuncto
560 2697 722 2762 elisionem
744 2698 919 2780 permittet,
952 2721 1024 2782 qua·
1042 2696 1248 2786 ἐπισυναλοιφή
1279 2719 1360 2781 quae

248 2806 365 2872 dieitur
386 2805 490 2890 figure
513 2804 642 2870 orietur.
687 2803 725 2868 In
749 2803 898 2888 exemplis
930 2804 1096 2870 laudandis
1119 2805 1250 2870 Martini
1274 2825 1360 2870 oom-

248 2912 473 2978 mentutionem
504 2910 668 2994 supplebo.
719 2909 801 2976 Sunt
833 2910 918 2976 haee.
970 2910 1101 2978 Sextum
1131 2912 1242 2997 pedem
1274 2931 1360 2975 oom-

248 3019 358 3104 plexue
381 3018 422 3082 ed
444 3022 627 3101 sequentem
650 3039 773 3082 versum
797 3019 953 3083 sententia
976 3019 1150 3085 trahuntur
1172 3019 1302 3083 voculae
1325 3018 1360 3080 od

249 3127 280 3190 δὲ
302 3127 335 3190 in
360 3148 406 3191 vv.
430 3127 483 3204 43,
508 3127 582 3204 961,
608 3126 703 3205 1033,
727 3131 754 3190 τί
776 3147 821 3190 σοι
844 3127 896 3203 83,
919 3131 946 3191 τί
967 3147 1022 3190 uon
1047 3128 1119 3206 743,
1150 3127 1260 3214 τίχ’ρὴ
1284 3126 1359 3204 659,

248 3241 289 3308 τίς
313 3235 387 3313 502,
410 3237 473 3297 τίνα
496 3234 571 3311 381,
594 3237 667 3306 τίνες
689 3235 764 3312 491,
789 3232 806 3298 ll
828 3257 853 3298 u
875 3237 949 3314 683,
972 3233 1031 3320 ’ὅτῳ
1054 3237 1129 3314 470,
1154 3237 1228 3314 989,
1256 3233 1359 3321 ἃχρὴ

249 3342 323 3408 485.
369 3339 634 3405 coniunctionum
665 3341 699 3406 in
730 3341 793 3406 fine
824 3342 1019 3407 senariorum
1049 3341 1274 3408 collocatarum
1296 3342 1360 3406 fre-

250 3447 453 3535 quentissima
485 3451 532 3511 est
562 3444 606 3511 ὅτι
636 3447 670 3512 in
704 3449 857 3528 vv..104,
887 3449 962 3528 259,
986 3450 1060 3529 323,
1085 3451 1160 3530 328,
1184 3450 1259 3528 377,
1284 3448 1358 3527 951,

246 3555 296 3622 ἵνα
327 3557 379 3634 61,
413 3553 633 3620 adverbialiter
666 3555 739 3636 725,
775 3556 848 3635 793,
882 3556 956 3635 830,
989 3554 1050 3620 ἐπεί
1076 3557 1151 3636 384,
1180 3553 1268 3629 ὅπως*
1282 3555 1359 3634 463,

249 3662 324 3748 ἀτάρ
347 3663 422 3729 341.

317 3806 448 3872 Aooedit
470 3806 533 3872 aliu
557 3828 649 3870 eausa
672 3828 692 3870 u
714 3805 853 3874 Martiuo
881 3830 947 3873 non
979 3809 1090 3887 allatu,
1124 3830 1205 3892 qune
1233 3829 1291 3874 nos
1322 3808 1359 3873 de

249 3935 391 3979 sermone
406 3913 582 3997 Sophocleo
596 3919 801 3994 commoneat,
825 3916 924 3999 quod
947 3921 1111 3982 exeunte
1133 3935 1242 3981 versu
1265 3916 1359 3980 erti-

250 4021 356 4086 eulus
392 4043 411 4085 e
446 4019 703 4101 substantivo,
742 4022 844 4106 quod
876 4026 932 4087 est
962 4022 1202 4102 infinitivus,
1234 4023 1360 4087 seiun-

250 4128 369 4214 gitnr,
393 4127 480 4192 onius
503 4127 548 4192 rei
571 4129 749 4212 exemplum
772 4131 874 4194 exstat
896 4151 995 4194 unum
1017 4130 1049 4193 in
1074 4128 1164 4194 llum.
1189 4131 1262 4197 914.

649 4249 704 4318 οὐκ
727 4253 865 4340 ἀνέξομαι
885 4258 919 4319 τὸ
942 4258 984 4342 μὴ
1008 4251 1042 4320 οὐ

461 4362 515 4448 τὴν
537 4359 562 4424 δ’
580 4358 730 4427 domitum
752 4359 782 4425 ἐν
804 4364 919 4448 βροτοῖς
941 4373 1026 4450 τιμᾶν
1048 4364 1139 4442 πόλιν,
