<?xml version="1.0" encoding="UTF-8"?>
<!DOCTYPE html PUBLIC "-//W3C//DTD XHTML 1.0 Transitional//EN"
    "http://www.w3.org/TR/xhtml1/DTD/xhtml1-transitional.dtd">
<html xmlns="http://www.w3.org/1999/xhtml" xml:lang="en" lang="en">
 <head>
  <title>
</title>
<meta http-equiv="Content-Type" content="text/html;charset=utf-8" />
  <meta name='ocr-system' content='tesseract 3.04.00' />
  <meta name='ocr-capabilities' content='ocr_page ocr_carea ocr_par ocr_line ocrx_word'/>
</head>
<body>
  <div class='ocr_page' id='page_1' title='image "./decompositionem00heidgoog_0085.png"; bbox 0 0 3134 4998; ppageno 0'>
   <div class='ocr_carea' id='block_1_1' title="bbox 734 201 934 296">
    <p class='ocr_par' dir='ltr' id='par_1_1' title="bbox 734 201 934 296">
     <span class='ocr_line' id='line_1_1' title="bbox 734 201 934 296; baseline 0 0"><span class='ocrx_word' id='word_1_1' title='bbox 734 201 934 296; x_wconf 33' lang='lat' dir='ltr'><strong>*A*</strong></span> 
     </span>
    </p>
   </div>
   <div class='ocr_carea' id='block_1_2' title="bbox 225 401 1440 796">
    <p class='ocr_par' dir='ltr' id='par_1_2' title="bbox 225 401 1440 796">
     <span class='ocr_line' id='line_1_2' title="bbox 226 401 1440 487; baseline -0.001 -20"><span class='ocrx_word' id='word_1_2' title='bbox 226 403 338 469; x_wconf 89' lang='lat' dir='ltr'><strong>codice</strong></span> <span class='ocrx_word' id='word_1_3' title='bbox 361 402 506 468; x_wconf 87' lang='lat' dir='ltr'><strong>Medioeo</strong></span> <span class='ocrx_word' id='word_1_4' title='bbox 530 403 612 470; x_wconf 90' lang='lat' dir='ltr'><strong>sicut</strong></span> <span class='ocrx_word' id='word_1_5' title='bbox 634 404 715 468; x_wconf 90' lang='lat' dir='ltr'><strong>alias</strong></span> <span class='ocrx_word' id='word_1_6' title='bbox 739 405 915 487; x_wconf 84' lang='lat' dir='ltr'><strong>scripturas</strong></span> <span class='ocrx_word' id='word_1_7' title='bbox 936 401 1065 484; x_wconf 85' lang='lat' dir='ltr'><strong>multas,</strong></span> <span class='ocrx_word' id='word_1_8' title='bbox 1087 404 1280 483; x_wconf 73' lang='lat' dir='ltr'><strong>restitutam,</strong></span> <span class='ocrx_word' id='word_1_9' title='bbox 1304 424 1376 468; x_wconf 89' lang='lat' dir='ltr'><strong>cum</strong></span> <span class='ocrx_word' id='word_1_10' title='bbox 1402 423 1440 466; x_wconf 82' lang='lat' dir='ltr'><strong>ex</strong></span> 
     </span>
     <span class='ocr_line' id='line_1_3' title="bbox 225 504 1434 592; baseline -0.002 -20"><span class='ocrx_word' id='word_1_11' title='bbox 225 529 289 572; x_wconf 90' lang='lat' dir='ltr'><strong>uno</strong></span> <span class='ocrx_word' id='word_1_12' title='bbox 316 507 424 572; x_wconf 85' lang='lat' dir='ltr'><strong>codice</strong></span> <span class='ocrx_word' id='word_1_13' title='bbox 453 506 525 592; x_wconf 85' lang='lat' dir='ltr'><strong>(A.)</strong></span> <span class='ocrx_word' id='word_1_14' title='bbox 553 507 661 572; x_wconf 86' lang='lat' dir='ltr'><strong>omnia</strong></span> <span class='ocrx_word' id='word_1_15' title='bbox 687 507 875 592; x_wconf 87' lang='lat' dir='ltr'><strong>apographa</strong></span> <span class='ocrx_word' id='word_1_16' title='bbox 903 505 1049 572; x_wconf 87' lang='lat' dir='ltr'><strong>derivata</strong></span> <span class='ocrx_word' id='word_1_17' title='bbox 1076 507 1156 586; x_wconf 87' lang='lat' dir='ltr'><strong>sint,</strong></span> <span class='ocrx_word' id='word_1_18' title='bbox 1180 506 1214 570; x_wconf 91' lang='lat' dir='ltr'><strong>in</strong></span> <span class='ocrx_word' id='word_1_19' title='bbox 1240 504 1301 570; x_wconf 91' lang='lat' dir='ltr'><strong>hoc</strong></span> <span class='ocrx_word' id='word_1_20' title='bbox 1325 510 1434 570; x_wconf 82' lang='lat' dir='ltr'><strong>autom</strong></span> 
     </span>
     <span class='ocr_line' id='line_1_4' title="bbox 225 607 1438 692; baseline 0 -18"><span class='ocrx_word' id='word_1_21' title='bbox 225 609 366 692; x_wconf 85' lang='lat' dir='ltr'>glossam</span> <span class='ocrx_word' id='word_1_22' title='bbox 395 609 485 675; x_wconf 88' lang='lat' dir='ltr'><strong>illam</strong></span> <span class='ocrx_word' id='word_1_23' title='bbox 512 611 647 676; x_wconf 88' lang='lat' dir='ltr'><strong>eiectam</strong></span> <span class='ocrx_word' id='word_1_24' title='bbox 674 610 771 676; x_wconf 89' lang='lat' dir='ltr'><strong>luisse</strong></span> <span class='ocrx_word' id='word_1_25' title='bbox 794 614 973 676; x_wconf 87' lang='lat' dir='ltr'><strong>ceterorum</strong></span> <span class='ocrx_word' id='word_1_26' title='bbox 993 607 1150 676; x_wconf 89' lang='lat' dir='ltr'><strong>librorum</strong></span> <span class='ocrx_word' id='word_1_27' title='bbox 1172 630 1328 676; x_wconf 89' lang='lat' dir='ltr'><strong>consensu</strong></span> <span class='ocrx_word' id='word_1_28' title='bbox 1349 630 1438 674; x_wconf 89' lang='lat' dir='ltr'><strong>eom·</strong></span> 
     </span>
     <span class='ocr_line' id='line_1_5' title="bbox 226 714 390 796; baseline -0.012 -19"><span class='ocrx_word' id='word_1_29' title='bbox 226 714 390 796; x_wconf 85' lang='lat' dir='ltr'><strong>probetur.</strong></span> 
     </span>
    </p>
   </div>
   <div class='ocr_carea' id='block_1_3' title="bbox 311 831 1442 929">
    <p class='ocr_par' dir='ltr' id='par_1_3' title="bbox 311 831 1442 929">
     <span class='ocr_line' id='line_1_6' title="bbox 311 831 1442 929; baseline -0.003 -31"><span class='ocrx_word' id='word_1_30' title='bbox 311 832 408 918; x_wconf 82' lang='lat' dir='ltr'><strong>Quod</strong></span> <span class='ocrx_word' id='word_1_31' title='bbox 435 833 489 898; x_wconf 87' lang='lat' dir='ltr'><strong>ille</strong></span> <span class='ocrx_word' id='word_1_32' title='bbox 518 835 552 898; x_wconf 89' lang='lat' dir='ltr'><strong>iu</strong></span> <span class='ocrx_word' id='word_1_33' title='bbox 580 832 688 900; x_wconf 89' lang='lat' dir='ltr'><strong>codice</strong></span> <span class='ocrx_word' id='word_1_34' title='bbox 716 833 760 899; x_wconf 88' lang='lat' dir='ltr'><strong>A.</strong></span> <span class='ocrx_word' id='word_1_35' title='bbox 782 834 918 900; x_wconf 87' lang='lat' dir='ltr'><strong>eiectam</strong></span> <span class='ocrx_word' id='word_1_36' title='bbox 939 833 1037 929; x_wconf 75' lang='lat' dir='ltr'><strong>fuisse</strong></span> <span class='ocrx_word' id='word_1_37' title='bbox 1059 832 1200 916; x_wconf 76' lang='lat' dir='ltr'><strong>glossam</strong></span> <span class='ocrx_word' id='word_1_38' title='bbox 1222 831 1314 912; x_wconf 90' lang='lat' dir='ltr'><strong>dicit,</strong></span> <span class='ocrx_word' id='word_1_39' title='bbox 1347 831 1442 896; x_wconf 91' lang='lat' dir='ltr'><strong>nihili</strong></span> 
     </span>
    </p>
   </div>
   <div class='ocr_carea' id='block_1_4' title="bbox 226 937 1440 1075">
    <p class='ocr_par' dir='ltr' id='par_1_4' title="bbox 226 937 1440 1075">
     <span class='ocr_line' id='line_1_7' title="bbox 842 937 985 972; baseline -0.007 0"><span class='ocrx_word' id='word_1_40' title='bbox 842 939 863 972; x_wconf 74' lang='lat' dir='ltr'><strong>n</strong></span> <span class='ocrx_word' id='word_1_41' title='bbox 881 937 985 972; x_wconf 72' lang='lat' dir='ltr'><strong>oouvvw</strong></span> 
     </span>
     <span class='ocr_line' id='line_1_8' title="bbox 226 940 1440 1075; baseline -0.003 -22"><span class='ocrx_word' id='word_1_42' title='bbox 226 993 288 1064; x_wconf 80' lang='lat' dir='ltr'><strong>est3</strong></span> <span class='ocrx_word' id='word_1_43' title='bbox 311 1010 387 1054; x_wconf 87' lang='lat' dir='ltr'><strong>nam</strong></span> <span class='ocrx_word' id='word_1_44' title='bbox 409 987 516 1052; x_wconf 85' lang='lat' dir='ltr'><strong>variae</strong></span> <span class='ocrx_word' id='word_1_45' title='bbox 538 1007 620 1051; x_wconf 92' lang='lat' dir='ltr'><strong>recc.</strong></span> <span class='ocrx_word' id='word_1_46' title='bbox 642 987 795 1052; x_wconf 89' lang='lat' dir='ltr'><strong>lectiones</strong></span> <span class='ocrx_word' id='word_1_47' title='bbox 818 940 1021 1075; x_wconf 68' lang='grc' dir='ltr'><strong><em>πρόσπίτνω,</em></strong></span> <span class='ocrx_word' id='word_1_48' title='bbox 1045 981 1238 1073; x_wconf 77' lang='grc' dir='ltr'><strong><em>προσπίτνω</em></strong></span> <span class='ocrx_word' id='word_1_49' title='bbox 1259 989 1440 1071; x_wconf 82' lang='grc' dir='ltr'><strong><em>προσκυνῶ,</em></strong></span> 
     </span>
    </p>
   </div>
   <div class='ocr_carea' id='block_1_5' title="bbox 225 1085 1444 2692">
    <p class='ocr_par' dir='ltr' id='par_1_5' title="bbox 227 1085 1439 1279">
     <span class='ocr_line' id='line_1_9' title="bbox 227 1085 1439 1177; baseline -0.001 -24"><span class='ocrx_word' id='word_1_50' title='bbox 227 1086 419 1177; x_wconf 82' lang='grc' dir='ltr'><strong><em>προσπίτνω</em></strong></span> <span class='ocrx_word' id='word_1_51' title='bbox 445 1089 631 1172; x_wconf 87' lang='lat' dir='ltr'><strong>gravissime</strong></span> <span class='ocrx_word' id='word_1_52' title='bbox 659 1091 812 1174; x_wconf 87' lang='lat' dir='ltr'><strong>probant,</strong></span> <span class='ocrx_word' id='word_1_53' title='bbox 842 1092 983 1156; x_wconf 84' lang='lat' dir='ltr'>codicem</span> <span class='ocrx_word' id='word_1_54' title='bbox 1003 1089 1046 1154; x_wconf 89' lang='lat' dir='ltr'><strong>A.</strong></span> <span class='ocrx_word' id='word_1_55' title='bbox 1069 1089 1219 1156; x_wconf 82' lang='lat' dir='ltr'>habuisse</span> <span class='ocrx_word' id='word_1_56' title='bbox 1244 1085 1439 1173; x_wconf 85' lang='grc' dir='ltr'><strong><em>προσπίτνω</em></strong></span> 
     </span>
     <span class='ocr_line' id='line_1_10' title="bbox 229 1193 632 1279; baseline -0.005 -20"><span class='ocrx_word' id='word_1_57' title='bbox 229 1215 301 1259; x_wconf 89' lang='lat' dir='ltr'><strong>oum</strong></span> <span class='ocrx_word' id='word_1_58' title='bbox 322 1193 429 1276; x_wconf 83' lang='lat' dir='ltr'>glossa</span> <span class='ocrx_word' id='word_1_59' title='bbox 452 1195 632 1279; x_wconf 81' lang='grc' dir='ltr'><strong><em>προσκυνῶ.</em></strong></span> 
     </span>
    </p>

    <p class='ocr_par' dir='ltr' id='par_1_6' title="bbox 225 1294 1444 2300">
     <span class='ocr_line' id='line_1_11' title="bbox 312 1294 1439 1379; baseline -0.003 -19"><span class='ocrx_word' id='word_1_60' title='bbox 312 1294 421 1379; x_wconf 82' lang='lat' dir='ltr'><strong>Quare</strong></span> <span class='ocrx_word' id='word_1_61' title='bbox 444 1318 481 1360; x_wconf 91' lang='lat' dir='ltr'><strong>eo</strong></span> <span class='ocrx_word' id='word_1_62' title='bbox 498 1294 637 1360; x_wconf 87' lang='lat' dir='ltr'><strong>deducta</strong></span> <span class='ocrx_word' id='word_1_63' title='bbox 652 1301 701 1359; x_wconf 88' lang='lat' dir='ltr'><strong>est</strong></span> <span class='ocrx_word' id='word_1_64' title='bbox 717 1297 872 1378; x_wconf 81' lang='lat' dir='ltr'><strong>quaestio,</strong></span> <span class='ocrx_word' id='word_1_65' title='bbox 897 1301 932 1360; x_wconf 88' lang='lat' dir='ltr'><strong>ut</strong></span> <span class='ocrx_word' id='word_1_66' title='bbox 948 1295 1168 1373; x_wconf 77' lang='lat' dir='ltr'><strong>diiudicemuS,</strong></span> <span class='ocrx_word' id='word_1_67' title='bbox 1192 1300 1301 1358; x_wconf 83' lang='lat' dir='ltr'><strong>utrum</strong></span> <span class='ocrx_word' id='word_1_68' title='bbox 1319 1295 1439 1359; x_wconf 90' lang='lat' dir='ltr'><strong>codicis</strong></span> 
     </span>
     <span class='ocr_line' id='line_1_12' title="bbox 226 1396 1440 1478; baseline -0.002 -15"><span class='ocrx_word' id='word_1_69' title='bbox 226 1399 269 1464; x_wconf 91' lang='lat' dir='ltr'><strong>A.</strong></span> <span class='ocrx_word' id='word_1_70' title='bbox 299 1399 394 1463; x_wconf 88' lang='lat' dir='ltr'><strong>lectio</strong></span> <span class='ocrx_word' id='word_1_71' title='bbox 426 1419 442 1462; x_wconf 96' lang='lat' dir='ltr'><strong>e</strong></span> <span class='ocrx_word' id='word_1_72' title='bbox 477 1397 586 1462; x_wconf 90' lang='lat' dir='ltr'><strong>codice</strong></span> <span class='ocrx_word' id='word_1_73' title='bbox 613 1397 759 1462; x_wconf 88' lang='lat' dir='ltr'><strong>Medioeo</strong></span> <span class='ocrx_word' id='word_1_74' title='bbox 790 1399 831 1462; x_wconf 84' lang='lat' dir='ltr'><strong>sit</strong></span> <span class='ocrx_word' id='word_1_75' title='bbox 862 1398 996 1478; x_wconf 85' lang='lat' dir='ltr'><strong>hausta,</strong></span> <span class='ocrx_word' id='word_1_76' title='bbox 1029 1420 1071 1462; x_wconf 88' lang='lat' dir='ltr'><strong>an</strong></span> <span class='ocrx_word' id='word_1_77' title='bbox 1098 1419 1136 1460; x_wconf 88' lang='lat' dir='ltr'><strong>ex</strong></span> <span class='ocrx_word' id='word_1_78' title='bbox 1164 1418 1201 1460; x_wconf 93' lang='lat' dir='ltr'><strong>eo</strong></span> <span class='ocrx_word' id='word_1_79' title='bbox 1222 1396 1323 1478; x_wconf 84' lang='lat' dir='ltr'><strong>libro,</strong></span> <span class='ocrx_word' id='word_1_80' title='bbox 1353 1398 1440 1462; x_wconf 92' lang='lat' dir='ltr'><strong>unde</strong></span> 
     </span>
     <span class='ocr_line' id='line_1_13' title="bbox 225 1498 1437 1584; baseline -0.003 -18"><span class='ocrx_word' id='word_1_81' title='bbox 225 1501 388 1566; x_wconf 87' lang='lat' dir='ltr'><strong>Mediceus</strong></span> <span class='ocrx_word' id='word_1_82' title='bbox 411 1506 461 1566; x_wconf 86' lang='lat' dir='ltr'><strong>est</strong></span> <span class='ocrx_word' id='word_1_83' title='bbox 482 1501 670 1584; x_wconf 88' lang='lat' dir='ltr'><strong>descriptus.</strong></span> <span class='ocrx_word' id='word_1_84' title='bbox 714 1500 795 1565; x_wconf 88' lang='lat' dir='ltr'>Mihi</span> <span class='ocrx_word' id='word_1_85' title='bbox 816 1522 891 1565; x_wconf 87' lang='lat' dir='ltr'><strong>vero</strong></span> <span class='ocrx_word' id='word_1_86' title='bbox 912 1501 973 1564; x_wconf 91' lang='lat' dir='ltr'><strong>hoo</strong></span> <span class='ocrx_word' id='word_1_87' title='bbox 995 1522 1122 1584; x_wconf 90' lang='lat' dir='ltr'><strong>quoque</strong></span> <span class='ocrx_word' id='word_1_88' title='bbox 1145 1499 1290 1582; x_wconf 87' lang='lat' dir='ltr'><strong>exemplo</strong></span> <span class='ocrx_word' id='word_1_89' title='bbox 1306 1498 1437 1565; x_wconf 90' lang='lat' dir='ltr'><strong>videtur</strong></span> 
     </span>
     <span class='ocr_line' id='line_1_14' title="bbox 226 1601 1441 1686; baseline -0.003 -17"><span class='ocrx_word' id='word_1_90' title='bbox 226 1603 419 1682; x_wconf 88' lang='lat' dir='ltr'><strong>confirmari,</strong></span> <span class='ocrx_word' id='word_1_91' title='bbox 443 1603 529 1684; x_wconf 90' lang='lat' dir='ltr'><strong>quod</strong></span> <span class='ocrx_word' id='word_1_92' title='bbox 550 1604 623 1667; x_wconf 88' lang='lat' dir='ltr'><strong>aliis</strong></span> <span class='ocrx_word' id='word_1_93' title='bbox 647 1604 845 1686; x_wconf 83' lang='lat' dir='ltr'><strong>argumentis</strong></span> <span class='ocrx_word' id='word_1_94' title='bbox 865 1625 916 1667; x_wconf 90' lang='lat' dir='ltr'><strong>mc</strong></span> <span class='ocrx_word' id='word_1_95' title='bbox 939 1603 1117 1668; x_wconf 86' lang='lat' dir='ltr'><strong>ostendisse</strong></span> <span class='ocrx_word' id='word_1_96' title='bbox 1139 1608 1227 1686; x_wconf 80' lang='lat' dir='ltr'><strong>pulc,</strong></span> <span class='ocrx_word' id='word_1_97' title='bbox 1251 1601 1378 1668; x_wconf 90' lang='lat' dir='ltr'><strong>codices</strong></span> <span class='ocrx_word' id='word_1_98' title='bbox 1397 1602 1441 1666; x_wconf 91' lang='lat' dir='ltr'><strong>A.</strong></span> 
     </span>
     <span class='ocr_line' id='line_1_15' title="bbox 227 1703 1441 1789; baseline -0.003 -17"><span class='ocrx_word' id='word_1_99' title='bbox 227 1712 259 1772; x_wconf 89' lang='lat' dir='ltr'><strong>et</strong></span> <span class='ocrx_word' id='word_1_100' title='bbox 281 1706 462 1772; x_wconf 89' lang='lat' dir='ltr'><strong>Mediceum</strong></span> <span class='ocrx_word' id='word_1_101' title='bbox 491 1706 533 1770; x_wconf 91' lang='lat' dir='ltr'><strong>ad</strong></span> <span class='ocrx_word' id='word_1_102' title='bbox 560 1729 659 1770; x_wconf 90' lang='lat' dir='ltr'><strong>unum</strong></span> <span class='ocrx_word' id='word_1_103' title='bbox 685 1706 893 1789; x_wconf 89' lang='lat' dir='ltr'><strong>archetypum</strong></span> <span class='ocrx_word' id='word_1_104' title='bbox 920 1728 988 1770; x_wconf 88' lang='lat' dir='ltr'><strong>esse</strong></span> <span class='ocrx_word' id='word_1_105' title='bbox 1016 1704 1209 1770; x_wconf 87' lang='lat' dir='ltr'><strong>referendos.</strong></span> <span class='ocrx_word' id='word_1_106' title='bbox 1253 1703 1341 1770; x_wconf 85' lang='lat' dir='ltr'><strong>Nam</strong></span> <span class='ocrx_word' id='word_1_107' title='bbox 1373 1706 1441 1770; x_wconf 89' lang='lat' dir='ltr'><strong>sie</strong></span> 
     </span>
     <span class='ocr_line' id='line_1_16' title="bbox 226 1795 1443 1889; baseline -0.003 -15"><span class='ocrx_word' id='word_1_108' title='bbox 226 1795 373 1874; x_wconf 86' lang='lat' dir='ltr'><strong>Medioeo</strong></span> <span class='ocrx_word' id='word_1_109' title='bbox 400 1810 519 1873; x_wconf 88' lang='lat' dir='ltr'><strong>hausta</strong></span> <span class='ocrx_word' id='word_1_110' title='bbox 547 1817 632 1874; x_wconf 88' lang='lat' dir='ltr'><strong>esset</strong></span> <span class='ocrx_word' id='word_1_111' title='bbox 659 1809 777 1873; x_wconf 89' lang='lat' dir='ltr'><strong>codicis</strong></span> <span class='ocrx_word' id='word_1_112' title='bbox 803 1808 845 1873; x_wconf 92' lang='lat' dir='ltr'><strong>A.</strong></span> <span class='ocrx_word' id='word_1_113' title='bbox 873 1809 983 1889; x_wconf 91' lang='lat' dir='ltr'><strong>lectio,</strong></span> <span class='ocrx_word' id='word_1_114' title='bbox 1012 1807 1163 1872; x_wconf 86' lang='lat' dir='ltr'><strong>librarius</strong></span> <span class='ocrx_word' id='word_1_115' title='bbox 1196 1813 1253 1872; x_wconf 89' lang='lat' dir='ltr'><strong>aut</strong></span> <span class='ocrx_word' id='word_1_116' title='bbox 1280 1808 1443 1872; x_wconf 84' lang='lat' dir='ltr'><strong>omisisset</strong></span> 
     </span>
     <span class='ocr_line' id='line_1_17' title="bbox 229 1910 1442 1998; baseline -0.002 -22"><span class='ocrx_word' id='word_1_117' title='bbox 229 1915 399 1998; x_wconf 79' lang='grc' dir='ltr'><strong><em>προσκυνῶ</em></strong></span> <span class='ocrx_word' id='word_1_118' title='bbox 421 1918 493 1992; x_wconf 85' lang='lat' dir='ltr'><strong>aut,</strong></span> <span class='ocrx_word' id='word_1_119' title='bbox 517 1911 604 1994; x_wconf 90' lang='lat' dir='ltr'><strong>quod</strong></span> <span class='ocrx_word' id='word_1_120' title='bbox 626 1912 727 1976; x_wconf 89' lang='lat' dir='ltr'><strong>multo</strong></span> <span class='ocrx_word' id='word_1_121' title='bbox 750 1911 948 1994; x_wconf 84' lang='lat' dir='ltr'><strong>probabilius</strong></span> <span class='ocrx_word' id='word_1_122' title='bbox 972 1916 1034 1992; x_wconf 86' lang='lat' dir='ltr'><strong>est,</strong></span> <span class='ocrx_word' id='word_1_123' title='bbox 1058 1915 1230 1994; x_wconf 87' lang='lat' dir='ltr'><strong>utrumque</strong></span> <span class='ocrx_word' id='word_1_124' title='bbox 1253 1910 1387 1974; x_wconf 88' lang='lat' dir='ltr'><strong>verbum</strong></span> <span class='ocrx_word' id='word_1_125' title='bbox 1410 1911 1442 1973; x_wconf 92' lang='lat' dir='ltr'><strong>in</strong></span> 
     </span>
     <span class='ocr_line' id='line_1_18' title="bbox 227 2012 1444 2095; baseline -0.003 -16"><span class='ocrx_word' id='word_1_126' title='bbox 227 2036 321 2080; x_wconf 85' lang='lat' dir='ltr'><strong>versu</strong></span> <span class='ocrx_word' id='word_1_127' title='bbox 350 2015 544 2079; x_wconf 88' lang='lat' dir='ltr'><strong>retinuisset.</strong></span> <span class='ocrx_word' id='word_1_128' title='bbox 591 2014 656 2078; x_wconf 82' lang='lat' dir='ltr'><strong>Sed</strong></span> <span class='ocrx_word' id='word_1_129' title='bbox 684 2020 775 2078; x_wconf 86' lang='lat' dir='ltr'><strong>tauto</strong></span> <span class='ocrx_word' id='word_1_130' title='bbox 798 2012 929 2078; x_wconf 90' lang='lat' dir='ltr'><strong>consilio</strong></span> <span class='ocrx_word' id='word_1_131' title='bbox 952 2034 990 2077; x_wconf 81' lang='lat' dir='ltr'><strong>ac</strong></span> <span class='ocrx_word' id='word_1_132' title='bbox 1013 2013 1138 2077; x_wconf 88' lang='lat' dir='ltr'><strong>ratione</strong></span> <span class='ocrx_word' id='word_1_133' title='bbox 1162 2035 1234 2076; x_wconf 90' lang='lat' dir='ltr'><strong>eum</strong></span> <span class='ocrx_word' id='word_1_134' title='bbox 1256 2012 1375 2095; x_wconf 85' lang='lat' dir='ltr'><strong>egisse,</strong></span> <span class='ocrx_word' id='word_1_135' title='bbox 1408 2017 1444 2075; x_wconf 90' lang='lat' dir='ltr'><strong>ut</strong></span> 
     </span>
     <span class='ocr_line' id='line_1_19' title="bbox 229 2115 1443 2198; baseline -0.002 -18"><span class='ocrx_word' id='word_1_136' title='bbox 229 2138 245 2180; x_wconf 93' lang='lat' dir='ltr'><strong>e</strong></span> <span class='ocrx_word' id='word_1_137' title='bbox 277 2116 395 2180; x_wconf 88' lang='lat' dir='ltr'><strong>codicis</strong></span> <span class='ocrx_word' id='word_1_138' title='bbox 424 2116 561 2180; x_wconf 89' lang='lat' dir='ltr'><strong>Medioei</strong></span> <span class='ocrx_word' id='word_1_139' title='bbox 590 2117 774 2198; x_wconf 87' lang='lat' dir='ltr'><strong>corruptela</strong></span> <span class='ocrx_word' id='word_1_140' title='bbox 805 2116 972 2198; x_wconf 82' lang='lat' dir='ltr'><strong>archetypi</strong></span> <span class='ocrx_word' id='word_1_141' title='bbox 1000 2115 1185 2194; x_wconf 88' lang='lat' dir='ltr'><strong>lectionem,</strong></span> <span class='ocrx_word' id='word_1_142' title='bbox 1217 2136 1299 2196; x_wconf 89' lang='lat' dir='ltr'><strong>quae</strong></span> <span class='ocrx_word' id='word_1_143' title='bbox 1328 2137 1443 2178; x_wconf 88' lang='lat' dir='ltr'><strong>ansam</strong></span> 
     </span>
     <span class='ocr_line' id='line_1_20' title="bbox 228 2217 1441 2300; baseline -0.002 -19"><span class='ocrx_word' id='word_1_144' title='bbox 228 2218 383 2300; x_wconf 86' lang='lat' dir='ltr'><strong>peccandi</strong></span> <span class='ocrx_word' id='word_1_145' title='bbox 411 2218 543 2282; x_wconf 91' lang='lat' dir='ltr'><strong>librario</strong></span> <span class='ocrx_word' id='word_1_146' title='bbox 567 2217 713 2282; x_wconf 91' lang='lat' dir='ltr'><strong>Medioeo</strong></span> <span class='ocrx_word' id='word_1_147' title='bbox 743 2217 885 2282; x_wconf 87' lang='lat' dir='ltr'><strong>dedisset</strong></span> <span class='ocrx_word' id='word_1_148' title='bbox 906 2219 1107 2297; x_wconf 87' lang='lat' dir='ltr'><strong>restitueret,</strong></span> <span class='ocrx_word' id='word_1_149' title='bbox 1138 2218 1191 2282; x_wconf 81' lang='lat' dir='ltr'><strong>vix</strong></span> <span class='ocrx_word' id='word_1_150' title='bbox 1213 2217 1300 2280; x_wconf 91' lang='lat' dir='ltr'><strong>credi</strong></span> <span class='ocrx_word' id='word_1_151' title='bbox 1323 2221 1441 2299; x_wconf 88' lang='lat' dir='ltr'><strong>potest.</strong></span> 
     </span>
    </p>

    <p class='ocr_par' dir='ltr' id='par_1_7' title="bbox 227 2319 1444 2608">
     <span class='ocr_line' id='line_1_21' title="bbox 315 2319 1444 2404; baseline -0.001 -22"><span class='ocrx_word' id='word_1_152' title='bbox 315 2319 386 2383; x_wconf 90' lang='lat' dir='ltr'><strong>Iam</strong></span> <span class='ocrx_word' id='word_1_153' title='bbox 408 2341 483 2384; x_wconf 89' lang='lat' dir='ltr'><strong>vero</strong></span> <span class='ocrx_word' id='word_1_154' title='bbox 507 2321 656 2404; x_wconf 89' lang='lat' dir='ltr'><strong>quoniam</strong></span> <span class='ocrx_word' id='word_1_155' title='bbox 680 2321 788 2404; x_wconf 86' lang='lat' dir='ltr'><strong>agitur</strong></span> <span class='ocrx_word' id='word_1_156' title='bbox 810 2321 850 2385; x_wconf 91' lang='lat' dir='ltr'><strong>de</strong></span> <span class='ocrx_word' id='word_1_157' title='bbox 873 2320 987 2404; x_wconf 88' lang='lat' dir='ltr'><strong>glossis</strong></span> <span class='ocrx_word' id='word_1_158' title='bbox 1009 2321 1042 2384; x_wconf 92' lang='lat' dir='ltr'><strong>in</strong></span> <span class='ocrx_word' id='word_1_159' title='bbox 1064 2342 1191 2384; x_wconf 87' lang='lat' dir='ltr'><strong>versum</strong></span> <span class='ocrx_word' id='word_1_160' title='bbox 1212 2319 1360 2401; x_wconf 80' lang='lat' dir='ltr'><strong>receptio,</strong></span> <span class='ocrx_word' id='word_1_161' title='bbox 1379 2341 1444 2382; x_wconf 93' lang='lat' dir='ltr'><strong>non</strong></span> 
     </span>
     <span class='ocr_line' id='line_1_22' title="bbox 227 2421 1441 2506; baseline 0 -20"><span class='ocrx_word' id='word_1_162' title='bbox 227 2422 532 2506; x_wconf 89' lang='lat' dir='ltr'><strong>praetermittendus</strong></span> <span class='ocrx_word' id='word_1_163' title='bbox 555 2431 604 2488; x_wconf 88' lang='lat' dir='ltr'><strong>est</strong></span> <span class='ocrx_word' id='word_1_164' title='bbox 626 2422 731 2506; x_wconf 86' lang='lat' dir='ltr'><strong>Sept.</strong></span> <span class='ocrx_word' id='word_1_165' title='bbox 755 2447 783 2487; x_wconf 93' lang='lat' dir='ltr'><strong>v.</strong></span> <span class='ocrx_word' id='word_1_166' title='bbox 807 2428 896 2504; x_wconf 81' lang='lat'><strong>925,</strong></span> <span class='ocrx_word' id='word_1_167' title='bbox 921 2423 961 2487; x_wconf 89' lang='lat' dir='ltr'><strong>de</strong></span> <span class='ocrx_word' id='word_1_168' title='bbox 983 2445 1046 2506; x_wconf 89' lang='lat' dir='ltr'><strong>quo</strong></span> <span class='ocrx_word' id='word_1_169' title='bbox 1063 2424 1206 2489; x_wconf 84' lang='lat' dir='ltr'><strong>Sorofius</strong></span> <span class='ocrx_word' id='word_1_170' title='bbox 1229 2443 1358 2505; x_wconf 90' lang='lat' dir='ltr'><strong>quoque</strong></span> <span class='ocrx_word' id='word_1_171' title='bbox 1377 2421 1441 2486; x_wconf 87' lang='lat' dir='ltr'><strong>dis-</strong></span> 
     </span>
     <span class='ocr_line' id='line_1_23' title="bbox 228 2524 483 2608; baseline 0.004 -20"><span class='ocrx_word' id='word_1_172' title='bbox 228 2524 357 2608; x_wconf 82' lang='lat' dir='ltr'><strong>putarit</strong></span> <span class='ocrx_word' id='word_1_173' title='bbox 377 2547 408 2608; x_wconf 92' lang='lat' dir='ltr'><strong>p.</strong></span> <span class='ocrx_word' id='word_1_174' title='bbox 434 2527 483 2589; x_wconf 81' lang='lat'><strong>14.</strong></span> 
     </span>
    </p>

    <p class='ocr_par' dir='ltr' id='par_1_8' title="bbox 318 2626 735 2692">
     <span class='ocr_line' id='line_1_24' title="bbox 318 2626 735 2692; baseline -0.007 0"><span class='ocrx_word' id='word_1_175' title='bbox 318 2627 381 2692; x_wconf 82' lang='lat' dir='ltr'><strong>Est</strong></span> <span class='ocrx_word' id='word_1_176' title='bbox 402 2628 436 2691; x_wconf 90' lang='lat' dir='ltr'><strong>in</strong></span> <span class='ocrx_word' id='word_1_177' title='bbox 459 2627 568 2691; x_wconf 85' lang='lat' dir='ltr'><strong>codice</strong></span> <span class='ocrx_word' id='word_1_178' title='bbox 590 2626 735 2691; x_wconf 86' lang='lat' dir='ltr'><strong>Medioeo</strong></span> 
     </span>
    </p>
   </div>
   <div class='ocr_carea' id='block_1_6' title="bbox 529 2742 1134 2933">
    <p class='ocr_par' dir='ltr' id='par_1_9' title="bbox 529 2742 1134 2933">
     <span class='ocr_line' id='line_1_25' title="bbox 536 2742 996 2832; baseline 0 -23"><span class='ocrx_word' id='word_1_179' title='bbox 536 2743 576 2809; x_wconf 84' lang='grc' dir='ltr'><strong>ίιὺ</strong></span> <span class='ocrx_word' id='word_1_180' title='bbox 599 2745 732 2818; x_wconf 82' lang='grc' dir='ltr'><strong><em>πολλοῖς</em></strong></span> <span class='ocrx_word' id='word_1_181' title='bbox 754 2742 996 2832; x_wconf 77' lang='grc' dir='ltr'><strong><em>ἐπονθήσαντες</em></strong></span> 
     </span>
     <span class='ocr_line' id='line_1_26' title="bbox 529 2843 1134 2933; baseline -0.003 -19"><span class='ocrx_word' id='word_1_182' title='bbox 529 2846 659 2914; x_wconf 88' lang='grc' dir='ltr'><strong><em>πόνοισι</em></strong></span> <span class='ocrx_word' id='word_1_183' title='bbox 681 2845 788 2933; x_wconf 76' lang='grc' dir='ltr'><strong><em>γενεὰν</em></strong></span> <span class='ocrx_word' id='word_1_184' title='bbox 810 2843 941 2912; x_wconf 92' lang='grc' dir='ltr'><strong><em>πόνοισί</em></strong></span> <span class='ocrx_word' id='word_1_185' title='bbox 962 2870 996 2932; x_wconf 78' lang='grc' dir='ltr'><strong>με</strong></span> <span class='ocrx_word' id='word_1_186' title='bbox 1018 2845 1134 2930; x_wconf 80' lang='grc' dir='ltr'><strong><em>δόμους</em></strong></span> 
     </span>
    </p>
   </div>
   <div class='ocr_carea' id='block_1_7' title="bbox 227 2967 1440 4494">
    <p class='ocr_par' dir='ltr' id='par_1_10' title="bbox 227 2967 1440 4494">
     <span class='ocr_line' id='line_1_27' title="bbox 229 2967 1438 3054; baseline -0.002 -18"><span class='ocrx_word' id='word_1_187' title='bbox 229 2970 271 3036; x_wconf 89' lang='lat' dir='ltr'><strong>ad</strong></span> <span class='ocrx_word' id='word_1_188' title='bbox 288 2970 436 3036; x_wconf 87' lang='lat' dir='ltr'><strong>ultimam</strong></span> <span class='ocrx_word' id='word_1_189' title='bbox 457 2969 615 3053; x_wconf 87' lang='lat' dir='ltr'><strong>syllabam</strong></span> <span class='ocrx_word' id='word_1_190' title='bbox 636 2969 785 3033; x_wconf 85' lang='lat' dir='ltr'><strong>vocabuli</strong></span> <span class='ocrx_word' id='word_1_191' title='bbox 807 2967 923 3052; x_wconf 84' lang='grc' dir='ltr'><strong><em>δόμους</em></strong></span> <span class='ocrx_word' id='word_1_192' title='bbox 945 2991 1043 3053; x_wconf 87' lang='lat' dir='ltr'><strong>supra</strong></span> <span class='ocrx_word' id='word_1_193' title='bbox 1057 2969 1221 3054; x_wconf 84' lang='lat' dir='ltr'><strong>adscripto</strong></span> <span class='ocrx_word' id='word_1_194' title='bbox 1244 2994 1274 3034; x_wconf 91' lang='grc' dir='ltr'><strong>οι</strong></span> <span class='ocrx_word' id='word_1_195' title='bbox 1298 2994 1318 3034; x_wconf 87' lang='lat' dir='ltr'><strong>a</strong></span> <span class='ocrx_word' id='word_1_196' title='bbox 1340 2993 1438 3036; x_wconf 90' lang='lat' dir='ltr'><strong>manu</strong></span> 
     </span>
     <span class='ocr_line' id='line_1_28' title="bbox 227 3069 1440 3158; baseline -0.001 -21"><span class='ocrx_word' id='word_1_197' title='bbox 227 3073 414 3138; x_wconf 87' lang='lat' dir='ltr'><strong>recentiore.</strong></span> <span class='ocrx_word' id='word_1_198' title='bbox 458 3072 525 3137; x_wconf 92' lang='lat' dir='ltr'><strong>Pro</strong></span> <span class='ocrx_word' id='word_1_199' title='bbox 553 3069 811 3158; x_wconf 73' lang='grc' dir='ltr'><strong><em>ἑπανθήσαντες,</em></strong></span> <span class='ocrx_word' id='word_1_200' title='bbox 839 3071 925 3154; x_wconf 90' lang='lat' dir='ltr'><strong>quod</strong></span> <span class='ocrx_word' id='word_1_201' title='bbox 953 3093 1061 3136; x_wconf 85' lang='lat' dir='ltr'><strong>omnes</strong></span> <span class='ocrx_word' id='word_1_202' title='bbox 1088 3073 1209 3137; x_wconf 87' lang='lat' dir='ltr'><strong>habent</strong></span> <span class='ocrx_word' id='word_1_203' title='bbox 1235 3073 1325 3154; x_wconf 86' lang='lat' dir='ltr'><strong>libri,</strong></span> <span class='ocrx_word' id='word_1_204' title='bbox 1353 3080 1440 3140; x_wconf 88' lang='lat' dir='ltr'><strong>recte</strong></span> 
     </span>
     <span class='ocr_line' id='line_1_29' title="bbox 230 3169 1440 3258; baseline -0.001 -17"><span class='ocrx_word' id='word_1_205' title='bbox 230 3198 302 3240; x_wconf 89' lang='lat' dir='ltr'><strong>oum</strong></span> <span class='ocrx_word' id='word_1_206' title='bbox 325 3175 445 3241; x_wconf 93' lang='lat' dir='ltr'><strong>Bothio</strong></span> <span class='ocrx_word' id='word_1_207' title='bbox 468 3176 666 3258; x_wconf 88' lang='lat' dir='ltr'><strong>seripserunt</strong></span> <span class='ocrx_word' id='word_1_208' title='bbox 687 3173 825 3240; x_wconf 87' lang='lat' dir='ltr'><strong>editores</strong></span> <span class='ocrx_word' id='word_1_209' title='bbox 848 3169 1097 3253; x_wconf 50' lang='grc' dir='ltr'><strong><em>ἐπανθίσαντες</em></strong></span> <span class='ocrx_word' id='word_1_210' title='bbox 1121 3181 1153 3240; x_wconf 90' lang='lat' dir='ltr'><strong>et</strong></span> <span class='ocrx_word' id='word_1_211' title='bbox 1165 3176 1355 3241; x_wconf 83' lang='lat' dir='ltr'><strong>eliciendum</strong></span> <span class='ocrx_word' id='word_1_212' title='bbox 1372 3198 1440 3242; x_wconf 85' lang='lat' dir='ltr'><strong>esse</strong></span> 
     </span>
     <span class='ocr_line' id='line_1_30' title="bbox 230 3273 1439 3363; baseline -0.002 -19"><span class='ocrx_word' id='word_1_213' title='bbox 230 3273 363 3344; x_wconf 89' lang='grc' dir='ltr'><strong><em>πόνοισί</em></strong></span> <span class='ocrx_word' id='word_1_214' title='bbox 384 3300 418 3363; x_wconf 78' lang='grc' dir='ltr'><strong>με</strong></span> <span class='ocrx_word' id='word_1_215' title='bbox 440 3273 571 3359; x_wconf 84' lang='grc' dir='ltr'><strong><em>δόμους,</em></strong></span> <span class='ocrx_word' id='word_1_216' title='bbox 602 3276 696 3344; x_wconf 88' lang='lat' dir='ltr'><strong>docet</strong></span> <span class='ocrx_word' id='word_1_217' title='bbox 718 3299 828 3342; x_wconf 85' lang='lat' dir='ltr'><strong>versus</strong></span> <span class='ocrx_word' id='word_1_218' title='bbox 851 3277 1118 3360; x_wconf 88' lang='lat' dir='ltr'><strong>antistrophicus,</strong></span> <span class='ocrx_word' id='word_1_219' title='bbox 1148 3279 1204 3361; x_wconf 94' lang='lat' dir='ltr'><strong>qui</strong></span> <span class='ocrx_word' id='word_1_220' title='bbox 1227 3283 1275 3342; x_wconf 89' lang='lat' dir='ltr'><strong>est</strong></span> <span class='ocrx_word' id='word_1_221' title='bbox 1298 3283 1359 3343; x_wconf 82' lang='lat'><strong>913</strong></span> <span class='ocrx_word' id='word_1_222' title='bbox 1383 3276 1439 3358; x_wconf 83' lang='grc' dir='ltr'><strong><em>ζοδι</em></strong></span> 
     </span>
     <span class='ocr_line' id='line_1_31' title="bbox 230 3367 1440 3468; baseline -0.002 -22"><span class='ocrx_word' id='word_1_223' title='bbox 230 3367 402 3468; x_wconf 79' lang='grc' dir='ltr'><strong><em>φονορύτῳ.</em></strong></span> <span class='ocrx_word' id='word_1_224' title='bbox 448 3379 501 3444; x_wconf 81' lang='lat' dir='ltr'><strong>Ex</strong></span> <span class='ocrx_word' id='word_1_225' title='bbox 522 3380 753 3445; x_wconf 89' lang='lat' dir='ltr'><strong>recentioribus</strong></span> <span class='ocrx_word' id='word_1_226' title='bbox 776 3381 861 3444; x_wconf 92' lang='lat' dir='ltr'><strong>solus</strong></span> <span class='ocrx_word' id='word_1_227' title='bbox 878 3379 954 3443; x_wconf 86' lang='lat' dir='ltr'><strong>Par.</strong></span> <span class='ocrx_word' id='word_1_228' title='bbox 970 3379 1009 3443; x_wconf 88' lang='lat' dir='ltr'><strong>L.</strong></span> <span class='ocrx_word' id='word_1_229' title='bbox 1025 3381 1160 3464; x_wconf 85' lang='lat' dir='ltr'><strong>praebet</strong></span> <span class='ocrx_word' id='word_1_230' title='bbox 1181 3378 1312 3446; x_wconf 85' lang='grc' dir='ltr'><strong><em>πόνοισι</em></strong></span> <span class='ocrx_word' id='word_1_231' title='bbox 1335 3379 1440 3466; x_wconf 74' lang='grc' dir='ltr'><strong><em>γενεὰν</em></strong></span> 
     </span>
     <span class='ocr_line' id='line_1_32' title="bbox 230 3477 1439 3568; baseline -0.002 -17"><span class='ocrx_word' id='word_1_232' title='bbox 230 3480 361 3551; x_wconf 88' lang='grc' dir='ltr'><strong><em>πόνοισι</em></strong></span> <span class='ocrx_word' id='word_1_233' title='bbox 382 3505 417 3546; x_wconf 88' lang='grc' dir='ltr'><strong>τε</strong></span> <span class='ocrx_word' id='word_1_234' title='bbox 439 3477 542 3565; x_wconf 89' lang='grc' dir='ltr'><strong><em>δόμοι.</em></strong></span> <span class='ocrx_word' id='word_1_235' title='bbox 588 3479 695 3548; x_wconf 78' lang='lat' dir='ltr'><strong>Ceteri</strong></span> <span class='ocrx_word' id='word_1_236' title='bbox 721 3503 831 3546; x_wconf 89' lang='lat' dir='ltr'><strong>omnes</strong></span> <span class='ocrx_word' id='word_1_237' title='bbox 860 3484 1013 3547; x_wconf 89' lang='lat' dir='ltr'><strong>omittunt</strong></span> <span class='ocrx_word' id='word_1_238' title='bbox 1040 3479 1172 3548; x_wconf 79' lang='grc' dir='ltr'><strong><em>πόνοισι</em></strong></span> <span class='ocrx_word' id='word_1_239' title='bbox 1198 3481 1322 3568; x_wconf 79' lang='grc' dir='ltr'><strong><em>μενεσίν,</em></strong></span> <span class='ocrx_word' id='word_1_240' title='bbox 1353 3483 1439 3568; x_wconf 90' lang='lat' dir='ltr'><strong>quod</strong></span> 
     </span>
     <span class='ocr_line' id='line_1_33' title="bbox 231 3581 1438 3671; baseline -0.002 -20"><span class='ocrx_word' id='word_1_241' title='bbox 231 3585 298 3652; x_wconf 87' lang='lat' dir='ltr'><strong>sine</strong></span> <span class='ocrx_word' id='word_1_242' title='bbox 322 3585 420 3650; x_wconf 88' lang='lat' dir='ltr'><strong>dubio</strong></span> <span class='ocrx_word' id='word_1_243' title='bbox 443 3607 462 3649; x_wconf 88' lang='lat' dir='ltr'><strong>a</strong></span> <span class='ocrx_word' id='word_1_244' title='bbox 484 3590 582 3668; x_wconf 76' lang='lat' dir='ltr'><strong>polita</strong></span> <span class='ocrx_word' id='word_1_245' title='bbox 610 3585 765 3668; x_wconf 90' lang='lat' dir='ltr'><strong>scriptum</strong></span> <span class='ocrx_word' id='word_1_246' title='bbox 788 3592 850 3666; x_wconf 70' lang='lat' dir='ltr'><strong>est,</strong></span> <span class='ocrx_word' id='word_1_247' title='bbox 882 3591 913 3650; x_wconf 90' lang='lat' dir='ltr'><strong>et</strong></span> <span class='ocrx_word' id='word_1_248' title='bbox 936 3581 1067 3651; x_wconf 89' lang='grc' dir='ltr'><strong><em>πόνοισί</em></strong></span> <span class='ocrx_word' id='word_1_249' title='bbox 1088 3609 1122 3671; x_wconf 77' lang='grc' dir='ltr'><strong>με</strong></span> <span class='ocrx_word' id='word_1_250' title='bbox 1143 3583 1260 3668; x_wconf 89' lang='grc' dir='ltr'><strong><em>δόμους</em></strong></span> <span class='ocrx_word' id='word_1_251' title='bbox 1288 3587 1438 3652; x_wconf 85' lang='lat' dir='ltr'><strong>exhibent</strong></span> 
     </span>
     <span class='ocr_line' id='line_1_34' title="bbox 230 3685 1435 3773; baseline -0.002 -19"><span class='ocrx_word' id='word_1_252' title='bbox 230 3691 307 3755; x_wconf 89' lang='lat' dir='ltr'><strong>Par.</strong></span> <span class='ocrx_word' id='word_1_253' title='bbox 333 3689 374 3753; x_wconf 82' lang='grc' dir='ltr'><strong>Ε.</strong></span> <span class='ocrx_word' id='word_1_254' title='bbox 402 3686 498 3753; x_wconf 86' lang='lat' dir='ltr'><strong>Vind.</strong></span> <span class='ocrx_word' id='word_1_255' title='bbox 528 3693 558 3750; x_wconf 74' lang='lat'><strong>2.</strong></span> <span class='ocrx_word' id='word_1_256' title='bbox 588 3691 618 3751; x_wconf 85' lang='lat'><strong>4.</strong></span> <span class='ocrx_word' id='word_1_257' title='bbox 644 3685 742 3770; x_wconf 91' lang='grc' dir='ltr'><strong><em>δόμου</em></strong></span> <span class='ocrx_word' id='word_1_258' title='bbox 769 3688 932 3770; x_wconf 84' lang='lat' dir='ltr'><strong>adscripto</strong></span> <span class='ocrx_word' id='word_1_259' title='bbox 961 3711 1014 3763; x_wconf 89' lang='grc' dir='ltr'><strong>σος</strong></span> <span class='ocrx_word' id='word_1_260' title='bbox 1035 3689 1104 3756; x_wconf 88' lang='lat' dir='ltr'><strong>Vit.</strong></span> <span class='ocrx_word' id='word_1_261' title='bbox 1127 3711 1161 3773; x_wconf 79' lang='grc' dir='ltr'><strong>με</strong></span> <span class='ocrx_word' id='word_1_262' title='bbox 1183 3687 1293 3771; x_wconf 86' lang='grc' dir='ltr'><strong><em>δόμοις</em></strong></span> <span class='ocrx_word' id='word_1_263' title='bbox 1316 3689 1377 3756; x_wconf 85' lang='lat' dir='ltr'><strong>Ox.</strong></span> <span class='ocrx_word' id='word_1_264' title='bbox 1402 3711 1435 3752; x_wconf 83' lang='grc' dir='ltr'><strong>τε</strong></span> 
     </span>
     <span class='ocr_line' id='line_1_35' title="bbox 231 3789 1436 3876; baseline -0.002 -19"><span class='ocrx_word' id='word_1_265' title='bbox 231 3789 324 3875; x_wconf 87' lang='grc' dir='ltr'><strong><em>δόμοι</em></strong></span> <span class='ocrx_word' id='word_1_266' title='bbox 351 3790 450 3859; x_wconf 89' lang='lat' dir='ltr'><strong>Vind.</strong></span> <span class='ocrx_word' id='word_1_267' title='bbox 482 3795 510 3854; x_wconf 91' lang='lat'><strong>1.</strong></span> <span class='ocrx_word' id='word_1_268' title='bbox 540 3793 568 3870; x_wconf 85' lang='lat'><strong>3,</strong></span> <span class='ocrx_word' id='word_1_269' title='bbox 599 3812 634 3874; x_wconf 78' lang='lat' dir='ltr'><strong>ys</strong></span> <span class='ocrx_word' id='word_1_270' title='bbox 659 3789 753 3874; x_wconf 87' lang='grc' dir='ltr'><strong><em>δόμοι</em></strong></span> <span class='ocrx_word' id='word_1_271' title='bbox 780 3792 887 3856; x_wconf 88' lang='lat' dir='ltr'><strong>ceteri.</strong></span> <span class='ocrx_word' id='word_1_272' title='bbox 932 3793 1094 3876; x_wconf 89' lang='lat' dir='ltr'><strong>Apertum</strong></span> <span class='ocrx_word' id='word_1_273' title='bbox 1122 3797 1186 3874; x_wconf 88' lang='lat' dir='ltr'><strong>est,</strong></span> <span class='ocrx_word' id='word_1_274' title='bbox 1215 3792 1313 3858; x_wconf 82' lang='lat' dir='ltr'><strong>fuisse</strong></span> <span class='ocrx_word' id='word_1_275' title='bbox 1342 3794 1375 3857; x_wconf 88' lang='lat' dir='ltr'><strong>in</strong></span> <span class='ocrx_word' id='word_1_276' title='bbox 1401 3813 1436 3856; x_wconf 89' lang='lat' dir='ltr'><strong>eo</strong></span> 
     </span>
     <span class='ocr_line' id='line_1_36' title="bbox 232 3891 1436 3979; baseline -0.003 -19"><span class='ocrx_word' id='word_1_277' title='bbox 232 3892 355 3974; x_wconf 88' lang='lat' dir='ltr'><strong>codice,</strong></span> <span class='ocrx_word' id='word_1_278' title='bbox 380 3914 396 3956; x_wconf 92' lang='lat' dir='ltr'><strong>e</strong></span> <span class='ocrx_word' id='word_1_279' title='bbox 419 3913 481 3975; x_wconf 92' lang='lat' dir='ltr'><strong>quo</strong></span> <span class='ocrx_word' id='word_1_280' title='bbox 505 3913 583 3955; x_wconf 87' lang='lat' dir='ltr'><strong>recc.</strong></span> <span class='ocrx_word' id='word_1_281' title='bbox 613 3893 750 3959; x_wconf 88' lang='lat' dir='ltr'><strong>derivati</strong></span> <span class='ocrx_word' id='word_1_282' title='bbox 773 3900 863 3977; x_wconf 88' lang='lat' dir='ltr'><strong>sunt,</strong></span> <span class='ocrx_word' id='word_1_283' title='bbox 894 3891 1024 3960; x_wconf 80' lang='grc' dir='ltr'><strong><em>πονοισί</em></strong></span> <span class='ocrx_word' id='word_1_284' title='bbox 1045 3917 1078 3979; x_wconf 80' lang='grc' dir='ltr'><strong>γε</strong></span> <span class='ocrx_word' id='word_1_285' title='bbox 1095 3891 1224 3976; x_wconf 81' lang='grc' dir='ltr'><strong><em>δόμους;</em></strong></span> <span class='ocrx_word' id='word_1_286' title='bbox 1253 3918 1327 3961; x_wconf 87' lang='lat' dir='ltr'><strong>nam</strong></span> <span class='ocrx_word' id='word_1_287' title='bbox 1347 3893 1436 3978; x_wconf 88' lang='grc' dir='ltr'><strong><em>δόμοι</em></strong></span> 
     </span>
     <span class='ocr_line' id='line_1_37' title="bbox 230 3995 1435 4084; baseline 0 -22"><span class='ocrx_word' id='word_1_288' title='bbox 230 3996 410 4084; x_wconf 90' lang='lat' dir='ltr'><strong>profectum</strong></span> <span class='ocrx_word' id='word_1_289' title='bbox 432 3999 480 4058; x_wconf 88' lang='lat' dir='ltr'><strong>est</strong></span> <span class='ocrx_word' id='word_1_290' title='bbox 503 3995 544 4059; x_wconf 87' lang='lat' dir='ltr'><strong>ab</strong></span> <span class='ocrx_word' id='word_1_291' title='bbox 567 3996 807 4079; x_wconf 86' lang='lat' dir='ltr'><strong>interpolatore,</strong></span> <span class='ocrx_word' id='word_1_292' title='bbox 836 3999 902 4080; x_wconf 89' lang='lat' dir='ltr'><strong>qui,</strong></span> <span class='ocrx_word' id='word_1_293' title='bbox 926 4020 996 4062; x_wconf 90' lang='lat' dir='ltr'><strong>oum</strong></span> <span class='ocrx_word' id='word_1_294' title='bbox 1019 3999 1141 4079; x_wconf 89' lang='lat' dir='ltr'><strong>legeret</strong></span> <span class='ocrx_word' id='word_1_295' title='bbox 1162 3999 1294 4063; x_wconf 82' lang='lat' dir='ltr'><strong>verbum</strong></span> <span class='ocrx_word' id='word_1_296' title='bbox 1317 3999 1435 4064; x_wconf 89' lang='lat' dir='ltr'><strong>intran-</strong></span> 
     </span>
     <span class='ocr_line' id='line_1_38' title="bbox 232 4094 1435 4185; baseline -0.001 -20"><span class='ocrx_word' id='word_1_297' title='bbox 232 4101 361 4165; x_wconf 86' lang='lat' dir='ltr'><strong>sitivum</strong></span> <span class='ocrx_word' id='word_1_298' title='bbox 384 4094 635 4184; x_wconf 71' lang='grc' dir='ltr'><strong><em>ἐπανθήσαντες,</em></strong></span> <span class='ocrx_word' id='word_1_299' title='bbox 659 4121 724 4164; x_wconf 91' lang='lat' dir='ltr'><strong>non</strong></span> <span class='ocrx_word' id='word_1_300' title='bbox 747 4101 974 4181; x_wconf 84' lang='lat' dir='ltr'><strong>accusativum,</strong></span> <span class='ocrx_word' id='word_1_301' title='bbox 998 4101 1055 4166; x_wconf 91' lang='lat' dir='ltr'><strong>sed</strong></span> <span class='ocrx_word' id='word_1_302' title='bbox 1076 4101 1308 4166; x_wconf 82' lang='lat' dir='ltr'><strong>nominativum</strong></span> <span class='ocrx_word' id='word_1_303' title='bbox 1330 4105 1435 4185; x_wconf 88' lang='lat' dir='ltr'><strong>postu-</strong></span> 
     </span>
     <span class='ocr_line' id='line_1_39' title="bbox 230 4197 1434 4288; baseline -0.001 -21"><span class='ocrx_word' id='word_1_304' title='bbox 230 4203 292 4268; x_wconf 89' lang='lat' dir='ltr'><strong>lari</strong></span> <span class='ocrx_word' id='word_1_305' title='bbox 314 4204 454 4284; x_wconf 90' lang='lat' dir='ltr'><strong>putaret.</strong></span> <span class='ocrx_word' id='word_1_306' title='bbox 492 4197 750 4267; x_wconf 85' lang='lat' dir='ltr'><strong>Ostenderevult</strong></span> <span class='ocrx_word' id='word_1_307' title='bbox 772 4204 833 4268; x_wconf 90' lang='lat' dir='ltr'><strong>hoc</strong></span> <span class='ocrx_word' id='word_1_308' title='bbox 855 4205 1000 4288; x_wconf 84' lang='lat' dir='ltr'><strong>exemplo</strong></span> <span class='ocrx_word' id='word_1_309' title='bbox 1017 4203 1158 4270; x_wconf 84' lang='lat' dir='ltr'><strong>Scrofius</strong></span> <span class='ocrx_word' id='word_1_310' title='bbox 1182 4204 1326 4285; x_wconf 79' lang='lat' dir='ltr'><strong>„nullum</strong></span> <span class='ocrx_word' id='word_1_311' title='bbox 1341 4205 1434 4269; x_wconf 89' lang='lat' dir='ltr'><strong>alium</strong></span> 
     </span>
     <span class='ocr_line' id='line_1_40' title="bbox 233 4301 1433 4390; baseline -0.001 -20"><span class='ocrx_word' id='word_1_312' title='bbox 233 4304 375 4370; x_wconf 87' lang='lat' dir='ltr'><strong>codicem</strong></span> <span class='ocrx_word' id='word_1_313' title='bbox 397 4301 563 4383; x_wconf 90' lang='lat' dir='ltr'><strong>antiquum</strong></span> <span class='ocrx_word' id='word_1_314' title='bbox 586 4305 829 4386; x_wconf 84' lang='lat' dir='ltr'><strong>grammaticum</strong></span> <span class='ocrx_word' id='word_1_315' title='bbox 844 4307 1060 4390; x_wconf 87' lang='lat' dir='ltr'><strong>Byzantinum</strong></span> <span class='ocrx_word' id='word_1_316' title='bbox 1082 4307 1124 4370; x_wconf 89' lang='lat' dir='ltr'><strong>ed</strong></span> <span class='ocrx_word' id='word_1_317' title='bbox 1138 4306 1319 4372; x_wconf 85' lang='lat' dir='ltr'><strong>Mediceum</strong></span> <span class='ocrx_word' id='word_1_318' title='bbox 1342 4306 1433 4372; x_wconf 86' lang='lat' dir='ltr'><strong>corri-</strong></span> 
     </span>
     <span class='ocr_line' id='line_1_41' title="bbox 230 4401 1430 4494; baseline 0.002 -24"><span class='ocrx_word' id='word_1_319' title='bbox 230 4405 370 4492; x_wconf 89' lang='lat' dir='ltr'><strong>gendum</strong></span> <span class='ocrx_word' id='word_1_320' title='bbox 393 4401 586 4482; x_wconf 80' lang='lat' dir='ltr'><strong>adhibuisse,</strong></span> <span class='ocrx_word' id='word_1_321' title='bbox 612 4405 667 4470; x_wconf 90' lang='lat' dir='ltr'><strong>sed</strong></span> <span class='ocrx_word' id='word_1_322' title='bbox 691 4428 748 4471; x_wconf 91' lang='lat' dir='ltr'><strong>suo</strong></span> <span class='ocrx_word' id='word_1_323' title='bbox 769 4409 868 4494; x_wconf 86' lang='lat' dir='ltr'><strong>ipsius</strong></span> <span class='ocrx_word' id='word_1_324' title='bbox 885 4410 1018 4475; x_wconf 88' lang='lat' dir='ltr'><strong>arbitrio</strong></span> <span class='ocrx_word' id='word_1_325' title='bbox 1035 4414 1132 4493; x_wconf 86' lang='lat' dir='ltr'><strong>atque</strong></span> <span class='ocrx_word' id='word_1_326' title='bbox 1148 4408 1267 4474; x_wconf 91' lang='lat' dir='ltr'><strong>iudicio</strong></span> <span class='ocrx_word' id='word_1_327' title='bbox 1283 4413 1430 4486; x_wconf 88' lang='lat' dir='ltr'><strong>mutasse,</strong></span> 
     </span>
    </p>
   </div>
   <div class='ocr_carea' id='block_1_8' title="bbox 0 0 1576 4996">
    <p class='ocr_par' dir='ltr' id='par_1_11' title="bbox 0 0 1576 4996">
     <span class='ocr_line' id='line_1_42' title="bbox 0 0 1576 4996; baseline 0 0"><span class='ocrx_word' id='word_1_328' title='bbox 0 0 1576 4996; x_wconf 95' lang='lat' dir='ltr'><strong> </strong></span> 
     </span>
    </p>
   </div>
  </div>
 </body>
</html>
