<?xml version="1.0" encoding="UTF-8"?>
<!DOCTYPE html PUBLIC "-//W3C//DTD XHTML 1.0 Transitional//EN"
    "http://www.w3.org/TR/xhtml1/DTD/xhtml1-transitional.dtd">
<html xmlns="http://www.w3.org/1999/xhtml" xml:lang="en" lang="en">
 <head>
  <title>
</title>
<meta http-equiv="Content-Type" content="text/html;charset=utf-8" />
  <meta name='ocr-system' content='tesseract 3.04.00' />
  <meta name='ocr-capabilities' content='ocr_page ocr_carea ocr_par ocr_line ocrx_word'/>
</head>
<body>
  <div class='ocr_page' id='page_1' title='image "./decompositionem00heidgoog_0027.png"; bbox 0 0 3134 4998; ppageno 0'>
   <div class='ocr_carea' id='block_1_1' title="bbox 845 326 885 394">
    <p class='ocr_par' dir='ltr' id='par_1_1' title="bbox 845 326 885 394">
     <span class='ocr_line' id='line_1_1' title="bbox 845 326 885 394; baseline 0 0"><span class='ocrx_word' id='word_1_1' title='bbox 845 326 885 394; x_wconf 86' lang='grc'><strong>18</strong></span> 
     </span>
    </p>
   </div>
   <div class='ocr_carea' id='block_1_2' title="bbox 264 522 1418 4480">
    <p class='ocr_par' dir='ltr' id='par_1_2' title="bbox 264 522 1418 4480">
     <span class='ocr_line' id='line_1_2' title="bbox 308 522 1418 610; baseline 0.005 -24"><span class='ocrx_word' id='word_1_2' title='bbox 308 523 436 588; x_wconf 93' lang='lat' dir='ltr'><strong>omnino</strong></span> <span class='ocrx_word' id='word_1_3' title='bbox 459 545 523 589; x_wconf 92' lang='lat' dir='ltr'><strong>non</strong></span> <span class='ocrx_word' id='word_1_4' title='bbox 546 522 725 604; x_wconf 86' lang='lat' dir='ltr'><strong>abhorreat,</strong></span> <span class='ocrx_word' id='word_1_5' title='bbox 752 525 786 589; x_wconf 92' lang='lat' dir='ltr'><strong>in</strong></span> <span class='ocrx_word' id='word_1_6' title='bbox 809 525 964 592; x_wconf 90' lang='lat' dir='ltr'><strong>rationem</strong></span> <span class='ocrx_word' id='word_1_7' title='bbox 987 548 1097 592; x_wconf 92' lang='lat' dir='ltr'><strong>eorum</strong></span> <span class='ocrx_word' id='word_1_8' title='bbox 1119 527 1418 610; x_wconf 86' lang='lat' dir='ltr'><strong>autisystematioam</strong></span> 
     </span>
     <span class='ocr_line' id='line_1_3' title="bbox 304 631 1417 718; baseline 0.005 -24"><span class='ocrx_word' id='word_1_9' title='bbox 304 653 390 695; x_wconf 92' lang='lat' dir='ltr'><strong>nunc</strong></span> <span class='ocrx_word' id='word_1_10' title='bbox 413 653 562 715; x_wconf 87' lang='lat' dir='ltr'><strong>quaerere</strong></span> <span class='ocrx_word' id='word_1_11' title='bbox 584 631 686 699; x_wconf 87' lang='lat' dir='ltr'><strong>liceat.</strong></span> <span class='ocrx_word' id='word_1_12' title='bbox 732 632 839 717; x_wconf 84' lang='lat' dir='ltr'><strong>Atque</strong></span> <span class='ocrx_word' id='word_1_13' title='bbox 862 633 1001 717; x_wconf 89' lang='lat' dir='ltr'><strong>primum</strong></span> <span class='ocrx_word' id='word_1_14' title='bbox 1024 634 1151 718; x_wconf 90' lang='lat' dir='ltr'><strong>quidem</strong></span> <span class='ocrx_word' id='word_1_15' title='bbox 1182 635 1417 718; x_wconf 85' lang='lat' dir='ltr'><strong>perlustramus,</strong></span> 
     </span>
     <span class='ocr_line' id='line_1_4' title="bbox 304 737 1418 829; baseline 0.006 -29"><span class='ocrx_word' id='word_1_16' title='bbox 304 737 359 822; x_wconf 92' lang='lat' dir='ltr'><strong>qui</strong></span> <span class='ocrx_word' id='word_1_17' title='bbox 382 739 496 803; x_wconf 85' lang='lat' dir='ltr'><strong>intexti</strong></span> <span class='ocrx_word' id='word_1_18' title='bbox 518 743 593 804; x_wconf 88' lang='lat' dir='ltr'><strong>sunt</strong></span> <span class='ocrx_word' id='word_1_19' title='bbox 617 741 780 824; x_wconf 78' lang='lat' dir='ltr'>anapaesti</span> <span class='ocrx_word' id='word_1_20' title='bbox 802 739 983 806; x_wconf 82' lang='lat' dir='ltr'><strong>Promethei</strong></span> <span class='ocrx_word' id='word_1_21' title='bbox 1002 740 1064 805; x_wconf 80' lang='grc' dir='ltr'><strong>,ἀπὸ</strong></span> <span class='ocrx_word' id='word_1_22' title='bbox 1080 754 1192 829; x_wconf 77' lang='grc' dir='ltr'>σκηνῆς</span> <span class='ocrx_word' id='word_1_23' title='bbox 1215 743 1321 808; x_wconf 89' lang='lat' dir='ltr'><strong>cantui</strong></span> <span class='ocrx_word' id='word_1_24' title='bbox 1344 743 1418 807; x_wconf 91' lang='lat' dir='ltr'><strong>inde</strong></span> 
     </span>
     <span class='ocr_line' id='line_1_5' title="bbox 303 847 1417 932; baseline 0.005 -24"><span class='ocrx_word' id='word_1_25' title='bbox 303 866 396 911; x_wconf 86' lang='lat' dir='ltr'><strong>avv.</strong></span> <span class='ocrx_word' id='word_1_26' title='bbox 420 847 574 912; x_wconf 81' lang='lat'>92-100</span> <span class='ocrx_word' id='word_1_27' title='bbox 600 850 632 912; x_wconf 90' lang='lat' dir='ltr'><strong>et</strong></span> <span class='ocrx_word' id='word_1_28' title='bbox 661 848 844 926; x_wconf 75' lang='lat' dir='ltr'><strong>lle—127,</strong></span> <span class='ocrx_word' id='word_1_29' title='bbox 877 848 933 930; x_wconf 91' lang='lat' dir='ltr'><strong>qui</strong></span> <span class='ocrx_word' id='word_1_30' title='bbox 964 870 1157 932; x_wconf 87' lang='lat' dir='ltr'><strong>quamquam</strong></span> <span class='ocrx_word' id='word_1_31' title='bbox 1188 849 1227 914; x_wconf 89' lang='lat' dir='ltr'><strong>ad</strong></span> <span class='ocrx_word' id='word_1_32' title='bbox 1259 873 1417 915; x_wconf 88' lang='lat' dir='ltr'><strong>summum</strong></span> 
     </span>
     <span class='ocr_line' id='line_1_6' title="bbox 302 951 1416 1042; baseline 0.005 -27"><span class='ocrx_word' id='word_1_33' title='bbox 302 951 443 1018; x_wconf 90' lang='lat' dir='ltr'><strong>dolorem</strong></span> <span class='ocrx_word' id='word_1_34' title='bbox 476 954 715 1037; x_wconf 87' lang='lat' dir='ltr'><strong>exprimendum</strong></span> <span class='ocrx_word' id='word_1_35' title='bbox 746 955 907 1040; x_wconf 85' lang='lat' dir='ltr'><strong>animique</strong></span> <span class='ocrx_word' id='word_1_36' title='bbox 935 956 1143 1042; x_wconf 74' lang='lat' dir='ltr'><strong>agitationem</strong></span> <span class='ocrx_word' id='word_1_37' title='bbox 1165 958 1336 1021; x_wconf 85' lang='lat' dir='ltr'><strong>maximam</strong></span> <span class='ocrx_word' id='word_1_38' title='bbox 1360 957 1416 1020; x_wconf 87' lang='lat' dir='ltr'><strong>ed-</strong></span> 
     </span>
     <span class='ocr_line' id='line_1_7' title="bbox 302 1058 1416 1147; baseline 0.005 -25"><span class='ocrx_word' id='word_1_39' title='bbox 302 1058 461 1140; x_wconf 91' lang='lat' dir='ltr'><strong>hibcntur,</strong></span> <span class='ocrx_word' id='word_1_40' title='bbox 483 1062 644 1146; x_wconf 87' lang='lat' dir='ltr'><strong>&#39;legitimis</strong></span> <span class='ocrx_word' id='word_1_41' title='bbox 674 1063 853 1147; x_wconf 82' lang='lat' dir='ltr'><strong>systematis</strong></span> <span class='ocrx_word' id='word_1_42' title='bbox 879 1065 1019 1147; x_wconf 87' lang='lat' dir='ltr'><strong>copulati</strong></span> <span class='ocrx_word' id='word_1_43' title='bbox 1041 1067 1125 1128; x_wconf 90' lang='lat' dir='ltr'><strong>sunt.</strong></span> <span class='ocrx_word' id='word_1_44' title='bbox 1171 1063 1290 1129; x_wconf 85' lang='lat' dir='ltr'><strong>Eodem</strong></span> <span class='ocrx_word' id='word_1_45' title='bbox 1323 1064 1416 1128; x_wconf 92' lang='lat' dir='ltr'><strong>modo</strong></span> 
     </span>
     <span class='ocr_line' id='line_1_8' title="bbox 302 1167 1415 1256; baseline 0.007 -26"><span class='ocrx_word' id='word_1_46' title='bbox 302 1189 360 1250; x_wconf 90' lang='lat' dir='ltr'><strong>pro</strong></span> <span class='ocrx_word' id='word_1_47' title='bbox 384 1167 582 1233; x_wconf 83' lang='lat' dir='ltr'><strong>liberioribus</strong></span> <span class='ocrx_word' id='word_1_48' title='bbox 606 1169 715 1234; x_wconf 85' lang='lat' dir='ltr'><strong>formis</strong></span> <span class='ocrx_word' id='word_1_49' title='bbox 737 1170 870 1256; x_wconf 82' lang='lat' dir='ltr'><strong>legitimi</strong></span> <span class='ocrx_word' id='word_1_50' title='bbox 895 1170 1133 1236; x_wconf 90' lang='lat' dir='ltr'><strong>substituuntur</strong></span> <span class='ocrx_word' id='word_1_51' title='bbox 1155 1171 1188 1235; x_wconf 92' lang='lat' dir='ltr'><strong>in</strong></span> <span class='ocrx_word' id='word_1_52' title='bbox 1205 1170 1313 1255; x_wconf 84' lang='lat' dir='ltr'><strong>Eurip.</strong></span> <span class='ocrx_word' id='word_1_53' title='bbox 1331 1169 1415 1238; x_wconf 85' lang='lat' dir='ltr'><strong>Med.</strong></span> 
     </span>
     <span class='ocr_line' id='line_1_9' title="bbox 302 1274 1416 1363; baseline 0.002 -24"><span class='ocrx_word' id='word_1_54' title='bbox 302 1274 465 1355; x_wconf 84' lang='lat'><strong>96-130,</strong></span> <span class='ocrx_word' id='word_1_55' title='bbox 498 1275 611 1358; x_wconf 88' lang='lat' dir='ltr'><strong>quibus</strong></span> <span class='ocrx_word' id='word_1_56' title='bbox 634 1276 764 1342; x_wconf 84' lang='lat' dir='ltr'><strong>Medeae</strong></span> <span class='ocrx_word' id='word_1_57' title='bbox 787 1281 819 1342; x_wconf 90' lang='lat' dir='ltr'><strong>et</strong></span> <span class='ocrx_word' id='word_1_58' title='bbox 841 1278 973 1342; x_wconf 86' lang='lat' dir='ltr'><strong>nutricis</strong></span> <span class='ocrx_word' id='word_1_59' title='bbox 995 1278 1110 1342; x_wconf 87' lang='lat' dir='ltr'><strong>alterni</strong></span> <span class='ocrx_word' id='word_1_60' title='bbox 1133 1283 1244 1343; x_wconf 88' lang='lat' dir='ltr'><strong>cantus</strong></span> <span class='ocrx_word' id='word_1_61' title='bbox 1266 1277 1416 1363; x_wconf 80' lang='lat' dir='ltr'><strong>lugubres</strong></span> 
     </span>
     <span class='ocr_line' id='line_1_10' title="bbox 301 1383 1416 1470; baseline 0.004 -25"><span class='ocrx_word' id='word_1_62' title='bbox 301 1383 513 1463; x_wconf 88' lang='lat' dir='ltr'><strong>continentur,</strong></span> <span class='ocrx_word' id='word_1_63' title='bbox 547 1386 578 1448; x_wconf 91' lang='lat' dir='ltr'><strong>et</strong></span> <span class='ocrx_word' id='word_1_64' title='bbox 600 1384 633 1449; x_wconf 93' lang='lat' dir='ltr'><strong>in</strong></span> <span class='ocrx_word' id='word_1_65' title='bbox 656 1383 754 1470; x_wconf 89' lang='lat' dir='ltr'><strong>Hipp.</strong></span> <span class='ocrx_word' id='word_1_66' title='bbox 781 1386 964 1465; x_wconf 73' lang='lat' dir='ltr'><strong>ltu-266,</strong></span> <span class='ocrx_word' id='word_1_67' title='bbox 997 1407 1076 1468; x_wconf 91' lang='lat' dir='ltr'><strong>quos</strong></span> <span class='ocrx_word' id='word_1_68' title='bbox 1108 1386 1192 1450; x_wconf 88' lang='lat' dir='ltr'><strong>locos</strong></span> <span class='ocrx_word' id='word_1_69' title='bbox 1220 1386 1416 1469; x_wconf 85' lang='lat' dir='ltr'><strong>collegerunt</strong></span> 
     </span>
     <span class='ocr_line' id='line_1_11' title="bbox 300 1490 1415 1577; baseline 0.001 -22"><span class='ocrx_word' id='word_1_70' title='bbox 300 1490 510 1556; x_wconf 81' lang='lat' dir='ltr'><strong>Rossbachius</strong></span> <span class='ocrx_word' id='word_1_71' title='bbox 541 1496 574 1556; x_wconf 88' lang='lat' dir='ltr'><strong>et</strong></span> <span class='ocrx_word' id='word_1_72' title='bbox 600 1491 818 1576; x_wconf 84' lang='lat' dir='ltr'><strong>Westphalius</strong></span> <span class='ocrx_word' id='word_1_73' title='bbox 850 1498 908 1560; x_wconf 87' lang='lat' dir='ltr'><strong>art.</strong></span> <span class='ocrx_word' id='word_1_74' title='bbox 931 1497 1022 1557; x_wconf 90' lang='lat' dir='ltr'><strong>metr.</strong></span> <span class='ocrx_word' id='word_1_75' title='bbox 1047 1491 1097 1555; x_wconf 74' lang='grc' dir='ltr'><strong>ΙΙ2</strong></span> <span class='ocrx_word' id='word_1_76' title='bbox 1120 1517 1150 1577; x_wconf 88' lang='lat' dir='ltr'><strong>p.</strong></span> <span class='ocrx_word' id='word_1_77' title='bbox 1176 1494 1250 1560; x_wconf 80' lang='lat'>435.</span> <span class='ocrx_word' id='word_1_78' title='bbox 1295 1492 1354 1558; x_wconf 81' lang='lat' dir='ltr'><strong>Sed</strong></span> <span class='ocrx_word' id='word_1_79' title='bbox 1378 1497 1415 1557; x_wconf 92' lang='lat' dir='ltr'><strong>ut</strong></span> 
     </span>
     <span class='ocr_line' id='line_1_12' title="bbox 300 1593 1414 1685; baseline 0 -22"><span class='ocrx_word' id='word_1_80' title='bbox 300 1598 340 1663; x_wconf 83' lang='lat' dir='ltr'><strong>ad</strong></span> <span class='ocrx_word' id='word_1_81' title='bbox 366 1593 532 1664; x_wconf 83' lang='lat' dir='ltr'><strong>rationem</strong></span> <span class='ocrx_word' id='word_1_82' title='bbox 555 1599 818 1685; x_wconf 89' lang='lat' dir='ltr'><strong>antistrophicam</strong></span> <span class='ocrx_word' id='word_1_83' title='bbox 848 1600 1019 1679; x_wconf 81' lang='lat' dir='ltr'><strong>redeamus,</strong></span> <span class='ocrx_word' id='word_1_84' title='bbox 1052 1623 1120 1665; x_wconf 90' lang='lat' dir='ltr'><strong>eam</strong></span> <span class='ocrx_word' id='word_1_85' title='bbox 1154 1601 1202 1664; x_wconf 91' lang='lat' dir='ltr'><strong>his</strong></span> <span class='ocrx_word' id='word_1_86' title='bbox 1234 1600 1414 1665; x_wconf 86' lang='lat' dir='ltr'><strong>Promethei</strong></span> 
     </span>
     <span class='ocr_line' id='line_1_13' title="bbox 298 1706 1414 1792; baseline -0.002 -20"><span class='ocrx_word' id='word_1_87' title='bbox 298 1706 507 1791; x_wconf 88' lang='lat' dir='ltr'><strong>hypermetris</strong></span> <span class='ocrx_word' id='word_1_88' title='bbox 532 1707 693 1774; x_wconf 87' lang='lat' dir='ltr'><strong>vindicant</strong></span> <span class='ocrx_word' id='word_1_89' title='bbox 716 1730 832 1788; x_wconf 89' lang='lat' dir='ltr'><strong>omnes,</strong></span> <span class='ocrx_word' id='word_1_90' title='bbox 857 1709 912 1792; x_wconf 92' lang='lat' dir='ltr'><strong>qui</strong></span> <span class='ocrx_word' id='word_1_91' title='bbox 934 1707 1022 1772; x_wconf 89' lang='lat' dir='ltr'><strong>illam</strong></span> <span class='ocrx_word' id='word_1_92' title='bbox 1043 1731 1062 1774; x_wconf 87' lang='lat' dir='ltr'><strong>a</strong></span> <span class='ocrx_word' id='word_1_93' title='bbox 1080 1707 1281 1792; x_wconf 87' lang='lat' dir='ltr'><strong>Westphalio</strong></span> <span class='ocrx_word' id='word_1_94' title='bbox 1297 1707 1414 1772; x_wconf 91' lang='lat' dir='ltr'><strong>Weilio</strong></span> 
     </span>
     <span class='ocr_line' id='line_1_14' title="bbox 299 1812 1412 1900; baseline -0.002 -20"><span class='ocrx_word' id='word_1_95' title='bbox 299 1812 472 1881; x_wconf 84' lang='lat' dir='ltr'><strong>Schmidtio</strong></span> <span class='ocrx_word' id='word_1_96' title='bbox 495 1816 564 1880; x_wconf 87' lang='lat' dir='ltr'><strong>aliis</strong></span> <span class='ocrx_word' id='word_1_97' title='bbox 587 1815 627 1880; x_wconf 92' lang='lat' dir='ltr'><strong>ab</strong></span> <span class='ocrx_word' id='word_1_98' title='bbox 650 1817 840 1881; x_wconf 84' lang='lat' dir='ltr'><strong>Aristoxeno</strong></span> <span class='ocrx_word' id='word_1_99' title='bbox 863 1816 1031 1900; x_wconf 90' lang='lat' dir='ltr'><strong>repetitam</strong></span> <span class='ocrx_word' id='word_1_100' title='bbox 1063 1815 1166 1900; x_wconf 86' lang='lat' dir='ltr'><strong>legem</strong></span> <span class='ocrx_word' id='word_1_101' title='bbox 1194 1814 1412 1899; x_wconf 88' lang='lat' dir='ltr'><strong>comprobant,</strong></span> 
     </span>
     <span class='ocr_line' id='line_1_15' title="bbox 297 1923 1411 2008; baseline 0.001 -23"><span class='ocrx_word' id='word_1_102' title='bbox 297 1925 335 1986; x_wconf 92' lang='lat' dir='ltr'><strong>ut</strong></span> <span class='ocrx_word' id='word_1_103' title='bbox 356 1927 527 2006; x_wconf 89' lang='lat' dir='ltr'><strong>systemata</strong></span> <span class='ocrx_word' id='word_1_104' title='bbox 550 1925 750 2008; x_wconf 85' lang='lat' dir='ltr'><strong>anapaestica</strong></span> <span class='ocrx_word' id='word_1_105' title='bbox 781 1946 845 1990; x_wconf 93' lang='lat' dir='ltr'><strong>non</strong></span> <span class='ocrx_word' id='word_1_106' title='bbox 876 1925 978 1989; x_wconf 92' lang='lat' dir='ltr'><strong>solum</strong></span> <span class='ocrx_word' id='word_1_107' title='bbox 1010 1924 1124 2008; x_wconf 91' lang='lat' dir='ltr'><strong>pedum</strong></span> <span class='ocrx_word' id='word_1_108' title='bbox 1157 1946 1289 1989; x_wconf 89' lang='lat' dir='ltr'><strong>numero</strong></span> <span class='ocrx_word' id='word_1_109' title='bbox 1312 1923 1411 2006; x_wconf 87' lang='lat' dir='ltr'><strong>paria,</strong></span> 
     </span>
     <span class='ocr_line' id='line_1_16' title="bbox 296 2028 1411 2115; baseline 0 -21"><span class='ocrx_word' id='word_1_110' title='bbox 296 2029 348 2094; x_wconf 90' lang='lat' dir='ltr'><strong>sed</strong></span> <span class='ocrx_word' id='word_1_111' title='bbox 373 2031 468 2096; x_wconf 88' lang='lat' dir='ltr'><strong>ctiam</strong></span> <span class='ocrx_word' id='word_1_112' title='bbox 492 2033 633 2096; x_wconf 88' lang='lat' dir='ltr'><strong>colorum</strong></span> <span class='ocrx_word' id='word_1_113' title='bbox 657 2053 789 2096; x_wconf 90' lang='lat' dir='ltr'><strong>numero</strong></span> <span class='ocrx_word' id='word_1_114' title='bbox 812 2036 947 2115; x_wconf 88' lang='lat' dir='ltr'><strong>aequata</strong></span> <span class='ocrx_word' id='word_1_115' title='bbox 970 2031 1029 2095; x_wconf 90' lang='lat' dir='ltr'><strong>sibi</strong></span> <span class='ocrx_word' id='word_1_116' title='bbox 1049 2031 1270 2115; x_wconf 80' lang='lat' dir='ltr'><strong>respondeant.</strong></span> <span class='ocrx_word' id='word_1_117' title='bbox 1309 2028 1411 2095; x_wconf 80' lang='lat' dir='ltr'><strong>Ceteri</strong></span> 
     </span>
     <span class='ocr_line' id='line_1_17' title="bbox 298 2138 1408 2225; baseline 0.001 -24"><span class='ocrx_word' id='word_1_118' title='bbox 298 2159 382 2217; x_wconf 89' lang='lat' dir='ltr'><strong>vero,</strong></span> <span class='ocrx_word' id='word_1_119' title='bbox 417 2139 472 2221; x_wconf 91' lang='lat' dir='ltr'><strong>qui</strong></span> <span class='ocrx_word' id='word_1_120' title='bbox 496 2161 564 2203; x_wconf 87' lang='lat' dir='ltr'><strong>eam</strong></span> <span class='ocrx_word' id='word_1_121' title='bbox 587 2139 690 2225; x_wconf 91' lang='lat' dir='ltr'><strong>legem</strong></span> <span class='ocrx_word' id='word_1_122' title='bbox 713 2143 832 2204; x_wconf 60' lang='lat' dir='ltr'><strong>recum</strong></span> <span class='ocrx_word' id='word_1_123' title='bbox 855 2160 919 2203; x_wconf 91' lang='lat' dir='ltr'><strong>esse</strong></span> <span class='ocrx_word' id='word_1_124' title='bbox 942 2143 1070 2224; x_wconf 84' lang='lat' dir='ltr'><strong>negant,</strong></span> <span class='ocrx_word' id='word_1_125' title='bbox 1104 2138 1201 2204; x_wconf 88' lang='lat' dir='ltr'><strong>libere</strong></span> <span class='ocrx_word' id='word_1_126' title='bbox 1223 2142 1319 2222; x_wconf 88' lang='lat' dir='ltr'><strong>atque</strong></span> <span class='ocrx_word' id='word_1_127' title='bbox 1342 2139 1408 2202; x_wconf 87' lang='lat' dir='ltr'><strong>fuse</strong></span> 
     </span>
     <span class='ocr_line' id='line_1_18' title="bbox 296 2245 1411 2331; baseline 0.002 -23"><span class='ocrx_word' id='word_1_128' title='bbox 296 2245 337 2308; x_wconf 89' lang='lat' dir='ltr'><strong>ad</strong></span> <span class='ocrx_word' id='word_1_129' title='bbox 359 2245 482 2310; x_wconf 90' lang='lat' dir='ltr'><strong>nullam</strong></span> <span class='ocrx_word' id='word_1_130' title='bbox 514 2246 800 2330; x_wconf 86' lang='lat' dir='ltr'><strong>antisystematicae</strong></span> <span class='ocrx_word' id='word_1_131' title='bbox 827 2247 1062 2331; x_wconf 82' lang='lat' dir='ltr'><strong>compositionis</strong></span> <span class='ocrx_word' id='word_1_132' title='bbox 1093 2269 1239 2312; x_wconf 87' lang='lat' dir='ltr'><strong>normam</strong></span> <span class='ocrx_word' id='word_1_133' title='bbox 1270 2245 1411 2311; x_wconf 89' lang='lat' dir='ltr'><strong>redactos</strong></span> 
     </span>
     <span class='ocr_line' id='line_1_19' title="bbox 296 2353 1409 2439; baseline -0.001 -21"><span class='ocrx_word' id='word_1_134' title='bbox 296 2375 360 2418; x_wconf 88' lang='lat' dir='ltr'><strong>esse</strong></span> <span class='ocrx_word' id='word_1_135' title='bbox 382 2354 475 2419; x_wconf 90' lang='lat' dir='ltr'><strong>huius</strong></span> <span class='ocrx_word' id='word_1_136' title='bbox 498 2353 665 2420; x_wconf 87' lang='lat' dir='ltr'><strong>monodiae</strong></span> <span class='ocrx_word' id='word_1_137' title='bbox 687 2357 874 2439; x_wconf 84' lang='lat' dir='ltr'><strong>anapaestos</strong></span> <span class='ocrx_word' id='word_1_138' title='bbox 896 2359 1022 2439; x_wconf 88' lang='lat' dir='ltr'><strong>putant.</strong></span> <span class='ocrx_word' id='word_1_139' title='bbox 1069 2354 1188 2431; x_wconf 83' lang='lat' dir='ltr'><strong>Quibus</strong></span> <span class='ocrx_word' id='word_1_140' title='bbox 1221 2377 1316 2438; x_wconf 91' lang='lat' dir='ltr'><strong>quam</strong></span> <span class='ocrx_word' id='word_1_141' title='bbox 1344 2376 1409 2418; x_wconf 93' lang='lat' dir='ltr'><strong>non</strong></span> 
     </span>
     <span class='ocr_line' id='line_1_20' title="bbox 295 2461 1410 2547; baseline 0 -21"><span class='ocrx_word' id='word_1_142' title='bbox 295 2462 456 2541; x_wconf 87' lang='lat' dir='ltr'><strong>assentiar,</strong></span> <span class='ocrx_word' id='word_1_143' title='bbox 481 2483 519 2526; x_wconf 87' lang='lat' dir='ltr'><strong>ex</strong></span> <span class='ocrx_word' id='word_1_144' title='bbox 543 2484 579 2526; x_wconf 90' lang='lat' dir='ltr'><strong>eo</strong></span> <span class='ocrx_word' id='word_1_145' title='bbox 603 2463 814 2547; x_wconf 79' lang='lat' dir='ltr'><strong>consequitur,</strong></span> <span class='ocrx_word' id='word_1_146' title='bbox 839 2463 924 2546; x_wconf 91' lang='lat' dir='ltr'><strong>quod</strong></span> <span class='ocrx_word' id='word_1_147' title='bbox 949 2485 987 2545; x_wconf 87' lang='lat' dir='ltr'><strong>ue</strong></span> <span class='ocrx_word' id='word_1_148' title='bbox 1009 2463 1041 2527; x_wconf 94' lang='lat' dir='ltr'><strong>in</strong></span> <span class='ocrx_word' id='word_1_149' title='bbox 1067 2463 1268 2547; x_wconf 86' lang='lat' dir='ltr'><strong>responsione</strong></span> <span class='ocrx_word' id='word_1_150' title='bbox 1282 2461 1410 2526; x_wconf 87' lang='lat' dir='ltr'><strong>illorum</strong></span> 
     </span>
     <span class='ocr_line' id='line_1_21' title="bbox 295 2568 1406 2654; baseline 0 -22"><span class='ocrx_word' id='word_1_151' title='bbox 295 2568 431 2652; x_wconf 89' lang='lat' dir='ltr'><strong>quidem,</strong></span> <span class='ocrx_word' id='word_1_152' title='bbox 465 2590 546 2653; x_wconf 90' lang='lat' dir='ltr'><strong>quae</strong></span> <span class='ocrx_word' id='word_1_153' title='bbox 576 2569 610 2634; x_wconf 92' lang='lat' dir='ltr'><strong>in</strong></span> <span class='ocrx_word' id='word_1_154' title='bbox 640 2570 782 2634; x_wconf 90' lang='lat' dir='ltr'><strong>colorum</strong></span> <span class='ocrx_word' id='word_1_155' title='bbox 809 2570 1034 2654; x_wconf 87' lang='lat' dir='ltr'><strong>aequabilitate</strong></span> <span class='ocrx_word' id='word_1_156' title='bbox 1057 2570 1204 2646; x_wconf 89' lang='lat' dir='ltr'><strong>cernitur,</strong></span> <span class='ocrx_word' id='word_1_157' title='bbox 1237 2570 1406 2652; x_wconf 85' lang='lat' dir='ltr'><strong>acquiesco,</strong></span> 
     </span>
     <span class='ocr_line' id='line_1_22' title="bbox 294 2675 1407 2761; baseline -0.004 -20"><span class='ocrx_word' id='word_1_158' title='bbox 294 2698 365 2742; x_wconf 88' lang='lat' dir='ltr'><strong>cum</strong></span> <span class='ocrx_word' id='word_1_159' title='bbox 389 2679 652 2761; x_wconf 89' lang='lat' dir='ltr'><strong>quantuscunque</strong></span> <span class='ocrx_word' id='word_1_160' title='bbox 674 2699 744 2740; x_wconf 92' lang='lat' dir='ltr'><strong>sum</strong></span> <span class='ocrx_word' id='word_1_161' title='bbox 767 2676 805 2740; x_wconf 86' lang='lat' dir='ltr'><strong>ad</strong></span> <span class='ocrx_word' id='word_1_162' title='bbox 830 2676 1043 2757; x_wconf 89' lang='lat' dir='ltr'><strong>iudicandum,</strong></span> <span class='ocrx_word' id='word_1_163' title='bbox 1067 2678 1101 2741; x_wconf 94' lang='lat' dir='ltr'><strong>in</strong></span> <span class='ocrx_word' id='word_1_164' title='bbox 1120 2679 1277 2760; x_wconf 86' lang='lat' dir='ltr'><strong>scriptura</strong></span> <span class='ocrx_word' id='word_1_165' title='bbox 1290 2675 1407 2740; x_wconf 90' lang='lat' dir='ltr'><strong>tradita</strong></span> 
     </span>
     <span class='ocr_line' id='line_1_23' title="bbox 295 2782 1408 2868; baseline -0.002 -20"><span class='ocrx_word' id='word_1_166' title='bbox 295 2783 446 2848; x_wconf 85' lang='lat' dir='ltr'><strong>detexisse</strong></span> <span class='ocrx_word' id='word_1_167' title='bbox 468 2783 548 2847; x_wconf 91' lang='lat' dir='ltr'><strong>mihi</strong></span> <span class='ocrx_word' id='word_1_168' title='bbox 570 2782 688 2862; x_wconf 80' lang='lat' dir='ltr'><strong>videar,</strong></span> <span class='ocrx_word' id='word_1_169' title='bbox 717 2782 831 2866; x_wconf 91' lang='lat' dir='ltr'><strong>quibus</strong></span> <span class='ocrx_word' id='word_1_170' title='bbox 854 2784 1006 2866; x_wconf 87' lang='lat' dir='ltr'><strong>pristinae</strong></span> <span class='ocrx_word' id='word_1_171' title='bbox 1029 2784 1239 2868; x_wconf 89' lang='lat' dir='ltr'><strong>responsionis</strong></span> <span class='ocrx_word' id='word_1_172' title='bbox 1263 2788 1294 2849; x_wconf 91' lang='lat' dir='ltr'><strong>et</strong></span> <span class='ocrx_word' id='word_1_173' title='bbox 1316 2804 1408 2847; x_wconf 89' lang='lat' dir='ltr'><strong>accu-</strong></span> 
     </span>
     <span class='ocr_line' id='line_1_24' title="bbox 294 2890 1408 2975; baseline -0.003 -20"><span class='ocrx_word' id='word_1_174' title='bbox 294 2894 382 2957; x_wconf 87' lang='lat' dir='ltr'><strong>ratae</strong></span> <span class='ocrx_word' id='word_1_175' title='bbox 413 2892 434 2955; x_wconf 86' lang='lat' dir='ltr'><strong>i.</strong></span> <span class='ocrx_word' id='word_1_176' title='bbox 458 2913 484 2956; x_wconf 90' lang='lat' dir='ltr'><strong>e.</strong></span> <span class='ocrx_word' id='word_1_177' title='bbox 517 2891 552 2955; x_wconf 93' lang='lat' dir='ltr'><strong>in</strong></span> <span class='ocrx_word' id='word_1_178' title='bbox 584 2891 654 2974; x_wconf 86' lang='lat' dir='ltr'><strong>pari</strong></span> <span class='ocrx_word' id='word_1_179' title='bbox 685 2891 781 2957; x_wconf 91' lang='lat' dir='ltr'><strong>etiam</strong></span> <span class='ocrx_word' id='word_1_180' title='bbox 813 2890 930 2974; x_wconf 89' lang='lat' dir='ltr'><strong>pedum</strong></span> <span class='ocrx_word' id='word_1_181' title='bbox 960 2913 1091 2956; x_wconf 88' lang='lat' dir='ltr'><strong>numero</strong></span> <span class='ocrx_word' id='word_1_182' title='bbox 1124 2891 1245 2975; x_wconf 88' lang='lat' dir='ltr'><strong>positae</strong></span> <span class='ocrx_word' id='word_1_183' title='bbox 1272 2890 1408 2971; x_wconf 88' lang='lat' dir='ltr'><strong>suspicio</strong></span> 
     </span>
     <span class='ocr_line' id='line_1_25' title="bbox 294 2996 1407 3084; baseline -0.004 -21"><span class='ocrx_word' id='word_1_184' title='bbox 294 3001 458 3084; x_wconf 86' lang='lat' dir='ltr'><strong>augeatur.</strong></span> <span class='ocrx_word' id='word_1_185' title='bbox 497 2998 599 3074; x_wconf 81' lang='lat' dir='ltr'><strong>Quam</strong></span> <span class='ocrx_word' id='word_1_186' title='bbox 622 2998 663 3062; x_wconf 88' lang='lat' dir='ltr'><strong>ad</strong></span> <span class='ocrx_word' id='word_1_187' title='bbox 686 3020 750 3062; x_wconf 88' lang='lat' dir='ltr'><strong>rem</strong></span> <span class='ocrx_word' id='word_1_188' title='bbox 768 2999 1035 3081; x_wconf 87' lang='lat' dir='ltr'><strong>comprobandam</strong></span> <span class='ocrx_word' id='word_1_189' title='bbox 1050 2999 1099 3062; x_wconf 90' lang='lat' dir='ltr'><strong>his</strong></span> <span class='ocrx_word' id='word_1_190' title='bbox 1114 2996 1309 3081; x_wconf 86' lang='lat' dir='ltr'><strong>argumentis</strong></span> <span class='ocrx_word' id='word_1_191' title='bbox 1322 2998 1407 3060; x_wconf 86' lang='lat' dir='ltr'><strong>utor.</strong></span> 
     </span>
     <span class='ocr_line' id='line_1_26' title="bbox 293 3099 1408 3189; baseline -0.004 -20"><span class='ocrx_word' id='word_1_192' title='bbox 293 3105 435 3170; x_wconf 89' lang='lat' dir='ltr'><strong>Primum</strong></span> <span class='ocrx_word' id='word_1_193' title='bbox 458 3109 719 3170; x_wconf 88' lang='lat' dir='ltr'><strong>commemoratos</strong></span> <span class='ocrx_word' id='word_1_194' title='bbox 741 3105 836 3170; x_wconf 85' lang='lat' dir='ltr'><strong>velim</strong></span> <span class='ocrx_word' id='word_1_195' title='bbox 859 3125 908 3169; x_wconf 83' lang='lat' dir='ltr'><strong>vv.</strong></span> <span class='ocrx_word' id='word_1_196' title='bbox 933 3106 984 3172; x_wconf 79' lang='lat'><strong>92.</strong></span> <span class='ocrx_word' id='word_1_197' title='bbox 1005 3103 1106 3168; x_wconf 75' lang='grc' dir='ltr'>ἴδεσθέ</span> <span class='ocrx_word' id='word_1_198' title='bbox 1129 3099 1211 3189; x_wconf 81' lang='grc' dir='ltr'><strong>μὀἷα</strong></span> <span class='ocrx_word' id='word_1_199' title='bbox 1233 3104 1306 3184; x_wconf 82' lang='grc' dir='ltr'><strong>πρὸς</strong></span> <span class='ocrx_word' id='word_1_200' title='bbox 1328 3101 1408 3165; x_wconf 68' lang='grc' dir='ltr'><strong>θεῶν</strong></span> 
     </span>
     <span class='ocr_line' id='line_1_27' title="bbox 292 3207 1407 3299; baseline -0.004 -23"><span class='ocrx_word' id='word_1_201' title='bbox 292 3217 401 3298; x_wconf 81' lang='grc' dir='ltr'><strong>πάσχω</strong></span> <span class='ocrx_word' id='word_1_202' title='bbox 423 3214 496 3291; x_wconf 76' lang='grc' dir='ltr'><strong>θεός</strong></span> <span class='ocrx_word' id='word_1_203' title='bbox 519 3215 550 3277; x_wconf 90' lang='lat' dir='ltr'><strong>et</strong></span> <span class='ocrx_word' id='word_1_204' title='bbox 571 3213 642 3278; x_wconf 86' lang='lat'>119.</span> <span class='ocrx_word' id='word_1_205' title='bbox 665 3209 754 3297; x_wconf 70' lang='grc' dir='ltr'>ὁρᾶτε,</span> <span class='ocrx_word' id='word_1_206' title='bbox 774 3213 923 3299; x_wconf 80' lang='grc' dir='ltr'>δεσμώτην</span> <span class='ocrx_word' id='word_1_207' title='bbox 946 3235 982 3299; x_wconf 79' lang='lat' dir='ltr'><strong>pe</strong></span> <span class='ocrx_word' id='word_1_208' title='bbox 1005 3213 1169 3297; x_wconf 77' lang='lat' dir='ltr'><strong>bbormpov</strong></span> <span class='ocrx_word' id='word_1_209' title='bbox 1190 3211 1270 3286; x_wconf 76' lang='lat' dir='ltr'><strong>bedu,</strong></span> <span class='ocrx_word' id='word_1_210' title='bbox 1295 3207 1407 3292; x_wconf 87' lang='lat' dir='ltr'><strong>quibus</strong></span> 
     </span>
     <span class='ocr_line' id='line_1_28' title="bbox 291 3319 1406 3406; baseline -0.005 -21"><span class='ocrx_word' id='word_1_211' title='bbox 291 3323 498 3406; x_wconf 87' lang='lat' dir='ltr'><strong>systematum</strong></span> <span class='ocrx_word' id='word_1_212' title='bbox 531 3320 665 3385; x_wconf 85' lang='lat' dir='ltr'><strong>exordiis</strong></span> <span class='ocrx_word' id='word_1_213' title='bbox 697 3321 795 3384; x_wconf 87' lang='lat' dir='ltr'><strong>mirus</strong></span> <span class='ocrx_word' id='word_1_214' title='bbox 826 3320 955 3404; x_wconf 90' lang='lat' dir='ltr'><strong>quidam</strong></span> <span class='ocrx_word' id='word_1_215' title='bbox 984 3323 1015 3384; x_wconf 91' lang='lat' dir='ltr'><strong>et</strong></span> <span class='ocrx_word' id='word_1_216' title='bbox 1038 3319 1204 3384; x_wconf 87' lang='lat' dir='ltr'><strong>verborum</strong></span> <span class='ocrx_word' id='word_1_217' title='bbox 1227 3319 1259 3381; x_wconf 91' lang='lat' dir='ltr'><strong>et</strong></span> <span class='ocrx_word' id='word_1_218' title='bbox 1280 3320 1406 3381; x_wconf 91' lang='lat' dir='ltr'><strong>senteu-</strong></span> 
     </span>
     <span class='ocr_line' id='line_1_29' title="bbox 291 3422 1405 3510; baseline -0.007 -17"><span class='ocrx_word' id='word_1_219' title='bbox 291 3429 409 3493; x_wconf 88' lang='lat' dir='ltr'><strong>tiarum</strong></span> <span class='ocrx_word' id='word_1_220' title='bbox 431 3433 602 3493; x_wconf 88' lang='lat' dir='ltr'><strong>concentus</strong></span> <span class='ocrx_word' id='word_1_221' title='bbox 626 3428 767 3506; x_wconf 86' lang='lat' dir='ltr'><strong>offertur,</strong></span> <span class='ocrx_word' id='word_1_222' title='bbox 791 3449 863 3492; x_wconf 88' lang='lat' dir='ltr'><strong>cum</strong></span> <span class='ocrx_word' id='word_1_223' title='bbox 886 3432 1056 3510; x_wconf 89' lang='lat' dir='ltr'><strong>utrumque</strong></span> <span class='ocrx_word' id='word_1_224' title='bbox 1075 3426 1312 3510; x_wconf 87' lang='lat' dir='ltr'><strong>hypermetrum</strong></span> <span class='ocrx_word' id='word_1_225' title='bbox 1326 3422 1405 3486; x_wconf 93' lang='lat' dir='ltr'><strong>illud</strong></span> 
     </span>
     <span class='ocr_line' id='line_1_30' title="bbox 293 3533 1404 3618; baseline -0.005 -17"><span class='ocrx_word' id='word_1_226' title='bbox 293 3557 371 3618; x_wconf 70' lang='lat' dir='ltr'><strong>,ecce</strong></span> <span class='ocrx_word' id='word_1_227' title='bbox 385 3535 480 3614; x_wconf 84' lang='lat' dir='ltr'><strong>deus&#39;,</strong></span> <span class='ocrx_word' id='word_1_228' title='bbox 504 3535 589 3618; x_wconf 91' lang='lat' dir='ltr'><strong>quod</strong></span> <span class='ocrx_word' id='word_1_229' title='bbox 612 3557 684 3599; x_wconf 91' lang='lat' dir='ltr'><strong>cum</strong></span> <span class='ocrx_word' id='word_1_230' title='bbox 702 3537 812 3600; x_wconf 88' lang='lat' dir='ltr'><strong>nostro</strong></span> <span class='ocrx_word' id='word_1_231' title='bbox 830 3536 1073 3600; x_wconf 89' lang='lat' dir='ltr'><strong>christianorum</strong></span> <span class='ocrx_word' id='word_1_232' title='bbox 1099 3556 1177 3616; x_wconf 77' lang='lat' dir='ltr'><strong>,ecce</strong></span> <span class='ocrx_word' id='word_1_233' title='bbox 1191 3533 1296 3597; x_wconf 91' lang='lat' dir='ltr'><strong>homo&#39;</strong></span> <span class='ocrx_word' id='word_1_234' title='bbox 1320 3553 1404 3596; x_wconf 89' lang='lat' dir='ltr'><strong>oom-</strong></span> 
     </span>
     <span class='ocr_line' id='line_1_31' title="bbox 291 3638 1405 3727; baseline -0.006 -20"><span class='ocrx_word' id='word_1_235' title='bbox 291 3645 398 3727; x_wconf 87' lang='lat' dir='ltr'><strong>parari</strong></span> <span class='ocrx_word' id='word_1_236' title='bbox 421 3641 535 3727; x_wconf 81' lang='lat' dir='ltr'><strong>potest,</strong></span> <span class='ocrx_word' id='word_1_237' title='bbox 559 3643 592 3706; x_wconf 92' lang='lat' dir='ltr'><strong>in</strong></span> <span class='ocrx_word' id='word_1_238' title='bbox 616 3642 723 3706; x_wconf 86' lang='lat' dir='ltr'><strong>fronte</strong></span> <span class='ocrx_word' id='word_1_239' title='bbox 745 3643 883 3726; x_wconf 90' lang='lat' dir='ltr'><strong>positum</strong></span> <span class='ocrx_word' id='word_1_240' title='bbox 897 3643 1067 3708; x_wconf 87' lang='lat' dir='ltr'><strong>contineat.</strong></span> <span class='ocrx_word' id='word_1_241' title='bbox 1101 3640 1174 3705; x_wconf 91' lang='lat' dir='ltr'><strong>Pari</strong></span> <span class='ocrx_word' id='word_1_242' title='bbox 1189 3639 1282 3704; x_wconf 91' lang='lat' dir='ltr'><strong>modo</strong></span> <span class='ocrx_word' id='word_1_243' title='bbox 1297 3638 1405 3702; x_wconf 88' lang='lat' dir='ltr'><strong>eadem</strong></span> 
     </span>
     <span class='ocr_line' id='line_1_32' title="bbox 291 3745 1404 3836; baseline -0.005 -22"><span class='ocrx_word' id='word_1_244' title='bbox 291 3753 338 3815; x_wconf 91' lang='lat' dir='ltr'><strong>est</strong></span> <span class='ocrx_word' id='word_1_245' title='bbox 355 3752 563 3836; x_wconf 82' lang='lat' dir='ltr'><strong>systematum</strong></span> <span class='ocrx_word' id='word_1_246' title='bbox 578 3750 727 3827; x_wconf 89' lang='lat' dir='ltr'><strong>clausula,</strong></span> <span class='ocrx_word' id='word_1_247' title='bbox 752 3749 820 3814; x_wconf 91' lang='lat' dir='ltr'><strong>dico</strong></span> <span class='ocrx_word' id='word_1_248' title='bbox 845 3751 1113 3834; x_wconf 86' lang='lat' dir='ltr'><strong>paroemiaoorum</strong></span> <span class='ocrx_word' id='word_1_249' title='bbox 1137 3746 1272 3812; x_wconf 83' lang='lat' dir='ltr'><strong>formam</strong></span> <span class='ocrx_word' id='word_1_250' title='bbox 1296 3745 1404 3809; x_wconf 90' lang='lat' dir='ltr'><strong>metri-</strong></span> 
     </span>
     <span class='ocr_line' id='line_1_33' title="bbox 290 3851 1404 3942; baseline -0.006 -20"><span class='ocrx_word' id='word_1_251' title='bbox 290 3879 368 3936; x_wconf 90' lang='lat' dir='ltr'><strong>cam,</strong></span> <span class='ocrx_word' id='word_1_252' title='bbox 401 3878 594 3941; x_wconf 88' lang='lat' dir='ltr'><strong>quamquam</strong></span> <span class='ocrx_word' id='word_1_253' title='bbox 617 3878 681 3921; x_wconf 89' lang='lat' dir='ltr'><strong>non</strong></span> <span class='ocrx_word' id='word_1_254' title='bbox 704 3857 827 3942; x_wconf 87' lang='lat' dir='ltr'><strong>ignoro,</strong></span> <span class='ocrx_word' id='word_1_255' title='bbox 861 3857 894 3920; x_wconf 94' lang='lat' dir='ltr'><strong>in</strong></span> <span class='ocrx_word' id='word_1_256' title='bbox 927 3855 1134 3939; x_wconf 88' lang='lat' dir='ltr'><strong>anapaesticis</strong></span> <span class='ocrx_word' id='word_1_257' title='bbox 1156 3851 1283 3937; x_wconf 90' lang='lat' dir='ltr'><strong>quidem</strong></span> <span class='ocrx_word' id='word_1_258' title='bbox 1305 3857 1404 3936; x_wconf 89' lang='lat' dir='ltr'><strong>syste-</strong></span> 
     </span>
     <span class='ocr_line' id='line_1_34' title="bbox 264 3960 1403 4046; baseline -0.007 -17"><span class='ocrx_word' id='word_1_259' title='bbox 264 3963 383 4029; x_wconf 87' lang='lat' dir='ltr'><strong>matis</strong></span> <span class='ocrx_word' id='word_1_260' title='bbox 405 3964 486 4028; x_wconf 91' lang='lat' dir='ltr'><strong>nihil</strong></span> <span class='ocrx_word' id='word_1_261' title='bbox 507 3964 657 4028; x_wconf 86' lang='lat' dir='ltr'><strong>interesse</strong></span> <span class='ocrx_word' id='word_1_262' title='bbox 682 3963 839 4028; x_wconf 89' lang='lat' dir='ltr'><strong>similesne</strong></span> <span class='ocrx_word' id='word_1_263' title='bbox 870 3963 934 4028; x_wconf 91' lang='lat' dir='ltr'><strong>sint</strong></span> <span class='ocrx_word' id='word_1_264' title='bbox 966 3964 1068 4027; x_wconf 90' lang='lat' dir='ltr'><strong>forma</strong></span> <span class='ocrx_word' id='word_1_265' title='bbox 1100 3960 1193 4046; x_wconf 87' lang='lat' dir='ltr'><strong>pedes</strong></span> <span class='ocrx_word' id='word_1_266' title='bbox 1224 3960 1308 4025; x_wconf 87' lang='lat' dir='ltr'><strong>inter</strong></span> <span class='ocrx_word' id='word_1_267' title='bbox 1338 3978 1403 4021; x_wconf 89' lang='lat' dir='ltr'><strong>sese</strong></span> 
     </span>
     <span class='ocr_line' id='line_1_35' title="bbox 289 4064 1402 4157; baseline -0.008 -22"><span class='ocrx_word' id='word_1_268' title='bbox 289 4070 512 4154; x_wconf 88' lang='lat' dir='ltr'><strong>respondentes</strong></span> <span class='ocrx_word' id='word_1_269' title='bbox 549 4091 656 4135; x_wconf 88' lang='lat' dir='ltr'><strong>necne.</strong></span> <span class='ocrx_word' id='word_1_270' title='bbox 713 4069 763 4135; x_wconf 88' lang='lat' dir='ltr'><strong>Sic</strong></span> <span class='ocrx_word' id='word_1_271' title='bbox 799 4071 898 4154; x_wconf 89' lang='lat' dir='ltr'><strong>igitur</strong></span> <span class='ocrx_word' id='word_1_272' title='bbox 935 4069 1051 4157; x_wconf 86' lang='lat' dir='ltr'><strong>finibus</strong></span> <span class='ocrx_word' id='word_1_273' title='bbox 1092 4067 1272 4133; x_wconf 88' lang='lat' dir='ltr'><strong>constitutis</strong></span> <span class='ocrx_word' id='word_1_274' title='bbox 1307 4064 1402 4128; x_wconf 86' lang='lat' dir='ltr'><strong>aliam</strong></span> 
     </span>
     <span class='ocr_line' id='line_1_36' title="bbox 289 4172 1403 4260; baseline -0.009 -17"><span class='ocrx_word' id='word_1_275' title='bbox 289 4180 408 4243; x_wconf 91' lang='lat' dir='ltr'><strong>maiore</strong></span> <span class='ocrx_word' id='word_1_276' title='bbox 431 4180 462 4243; x_wconf 86' lang='lat' dir='ltr'><strong>vi</strong></span> <span class='ocrx_word' id='word_1_277' title='bbox 484 4181 517 4243; x_wconf 92' lang='lat' dir='ltr'><strong>et</strong></span> <span class='ocrx_word' id='word_1_278' title='bbox 539 4178 728 4242; x_wconf 91' lang='lat' dir='ltr'><strong>auctoritate</strong></span> <span class='ocrx_word' id='word_1_279' title='bbox 758 4177 902 4241; x_wconf 88' lang='lat' dir='ltr'><strong>addimus</strong></span> <span class='ocrx_word' id='word_1_280' title='bbox 925 4197 1059 4254; x_wconf 88' lang='lat' dir='ltr'><strong>oausam,</strong></span> <span class='ocrx_word' id='word_1_281' title='bbox 1093 4197 1173 4260; x_wconf 88' lang='lat' dir='ltr'><strong>qnae</strong></span> <span class='ocrx_word' id='word_1_282' title='bbox 1205 4196 1301 4259; x_wconf 89' lang='lat' dir='ltr'><strong>quam</strong></span> <span class='ocrx_word' id='word_1_283' title='bbox 1333 4172 1403 4255; x_wconf 88' lang='lat' dir='ltr'><strong>opi-</strong></span> 
     </span>
     <span class='ocr_line' id='line_1_37' title="bbox 288 4281 1402 4369; baseline -0.008 -19"><span class='ocrx_word' id='word_1_284' title='bbox 288 4286 413 4351; x_wconf 90' lang='lat' dir='ltr'><strong>nionem</strong></span> <span class='ocrx_word' id='word_1_285' title='bbox 446 4289 610 4352; x_wconf 89' lang='lat' dir='ltr'><strong>accuratae</strong></span> <span class='ocrx_word' id='word_1_286' title='bbox 640 4285 851 4369; x_wconf 89' lang='lat' dir='ltr'><strong>responsionis</strong></span> <span class='ocrx_word' id='word_1_287' title='bbox 883 4306 902 4348; x_wconf 89' lang='lat' dir='ltr'><strong>a</strong></span> <span class='ocrx_word' id='word_1_288' title='bbox 931 4286 1024 4367; x_wconf 89' lang='lat' dir='ltr'><strong>poeta</strong></span> <span class='ocrx_word' id='word_1_289' title='bbox 1056 4281 1169 4361; x_wconf 84' lang='lat' dir='ltr'><strong>factae,</strong></span> <span class='ocrx_word' id='word_1_290' title='bbox 1202 4303 1267 4346; x_wconf 91' lang='lat' dir='ltr'><strong>non</strong></span> <span class='ocrx_word' id='word_1_291' title='bbox 1294 4282 1402 4344; x_wconf 91' lang='lat' dir='ltr'><strong>nostra</strong></span> 
     </span>
     <span class='ocr_line' id='line_1_38' title="bbox 287 4386 1402 4480; baseline -0.01 -20"><span class='ocrx_word' id='word_1_292' title='bbox 287 4394 480 4480; x_wconf 83' lang='lat' dir='ltr'><strong>cogitatione</strong></span> <span class='ocrx_word' id='word_1_293' title='bbox 503 4395 594 4460; x_wconf 91' lang='lat' dir='ltr'><strong>fictae</strong></span> <span class='ocrx_word' id='word_1_294' title='bbox 616 4393 768 4458; x_wconf 90' lang='lat' dir='ltr'><strong>habemus</strong></span> <span class='ocrx_word' id='word_1_295' title='bbox 800 4391 886 4456; x_wconf 92' lang='lat' dir='ltr'><strong>baud</strong></span> <span class='ocrx_word' id='word_1_296' title='bbox 914 4413 1026 4475; x_wconf 89' lang='lat' dir='ltr'><strong>parum</strong></span> <span class='ocrx_word' id='word_1_297' title='bbox 1050 4389 1255 4458; x_wconf 88' lang='lat' dir='ltr'><strong>commendet.</strong></span> <span class='ocrx_word' id='word_1_298' title='bbox 1302 4386 1402 4452; x_wconf 90' lang='lat' dir='ltr'><strong>Intel-</strong></span> 
     </span>
    </p>
   </div>
   <div class='ocr_carea' id='block_1_3' title="bbox 0 0 1572 4998">
    <p class='ocr_par' dir='ltr' id='par_1_3' title="bbox 0 0 1572 4998">
     <span class='ocr_line' id='line_1_39' title="bbox 0 0 1572 4998; baseline 0 6"><span class='ocrx_word' id='word_1_299' title='bbox 0 0 1572 4998; x_wconf 95' lang='lat' dir='ltr'><strong> </strong></span> 
     </span>
    </p>
   </div>
  </div>
 </body>
</html>
