3134 4998
738 366 778 432 13

654 455 866 468 ἡὴ--ι--α

201 563 284 630 hanc
306 563 420 630 statuit
442 561 607 641 rationem,
632 566 667 628 ut
690 563 720 627 in
743 565 808 630 804
830 565 991 630 trimetros
1010 564 1178 649 assumptis
1193 563 1311 630 melicis

198 673 245 738 48
268 671 393 748 cedant,
418 694 560 755 quorumx
576 693 659 735 arses
682 693 789 736 omnes
813 675 887 736 sunt
910 671 1026 735 breves.
1073 671 1214 736 Eandem
1238 693 1314 736 con·

203 778 356 843 dicionem
375 779 486 844 ineunt
505 777 667 861 Supplices
682 777 840 863 Aeschyli,
860 775 999 861 Oedipus
1015 776 1169 842 Coloneus
1189 777 1314 862 Sopho·

203 887 271 975 elis,
291 883 402 949 Medea
425 883 594 968 Euripidis.
642 882 753 967 ltaque
780 907 818 949 ex
844 885 1042 970 integrorum
1073 907 1204 950 numero
1234 886 1314 950 iam·

202 992 317 1055 borum
339 989 377 1054 de
398 993 504 1072 ,aetate
526 994 559 1056 et
581 994 709 1056 auctore
732 990 858 1055 fabulae
881 991 980 1055 conici
1002 993 1122 1075 nequit.

270 1111 301 1177 3.
324 1109 374 1177 De
397 1129 553 1178 caesura.

214 1247 221 1264 ·
270 1219 420 1286 Omnium
444 1243 642 1286 caesurarum
668 1221 939 1306 frequentissimae
967 1226 999 1286 et
1025 1222 1214 1306 principales
1240 1231 1316 1290 sunt

203 1330 466 1412 penthemimeres
483 1330 502 1394 i.
518 1351 544 1392 e.
563 1329 596 1393 in
620 1326 723 1392 medio
746 1328 842 1393 tettio
865 1328 951 1411 pede,
976 1331 1008 1392 et
1031 1328 1316 1412 hephthemimeres

202 1437 221 1503 i.
246 1458 270 1502 e.
294 1437 327 1501 in
352 1435 455 1500 medio
479 1439 593 1518 quarto
616 1434 704 1518 pede,
728 1434 842 1518 quibus
864 1455 970 1498 versus
988 1456 1053 1499 non
1072 1436 1106 1499 in
1121 1436 1215 1518 plane
1230 1459 1315 1502 com·

203 1565 303 1626 pares,
331 1542 384 1606 sed
407 1541 493 1625 quod
522 1543 622 1605 multo
649 1545 803 1624 praestat,
836 1541 870 1604 in
902 1541 967 1606 fere
998 1539 1176 1626 aequabiles
1204 1547 1235 1608 et
1257 1545 1315 1609 sibi

203 1648 429 1733 respondentes
451 1651 558 1731 partes
580 1647 787 1712 distribuitur.
835 1647 873 1710 In
891 1647 1079 1714 Prometheo
1104 1649 1229 1732 quidem
1251 1651 1326 1718 530.

203 1755 318 1820 senarii
356 1753 615 1836 penthemimere,
658 1756 721 1821 180
744 1753 1027 1838 ,hephthemimere
1065 1755 1315 1842 distinguuntur,

205 1882 285 1944 quae
309 1860 399 1937 ratic,
423 1882 615 1944 quamquam
639 1861 676 1926 de
703 1863 867 1945 perpaucis
900 1862 1052 1941 versibuS,
1084 1867 1157 1927 ntra
1188 1887 1316 1931 caesura

174 1967 246 2050 ¹sit
277 1966 458 2044 statuenda,
492 1967 629 2032 dubitari
652 1972 764 2051 potest,
798 1973 929 2036 constat.
985 1969 1087 2044 Quam
1113 1971 1139 2034 si
1168 1991 1316 2055 comparo

205 2095 276 2138 cum
298 2073 465 2138 Persarum
488 2073 647 2153 trimetris,
673 2097 807 2158 quorum
822 2075 887 2142 275
901 2074 1020 2140 hahent
1037 2077 1316 2159 penthemimeren,

207 2181 271 2246 120
292 2179 585 2263 hephthemimeren
610 2182 678 2260 (cfr.
699 2181 823 2246 Preussi
846 2182 884 2246 de
907 2183 1022 2246 senarii
1037 2181 1148 2248 Graeci
1172 2187 1317 2264 caesuris,

204 2287 406 2372 Regiomcnt.
434 2288 528 2366 1858,
552 2311 583 2372 p.
602 2289 676 2370 la),
701 2289 803 2354 facere
827 2311 891 2352 non
914 2311 1041 2372 possum
1063 2291 1140 2373 quin
1165 2295 1261 2356 etiam
1283 2293 1317 2356 in

204 2416 403 2459 caesurarum
434 2417 492 2459 usu
526 2394 708 2478 Euripidem
741 2395 776 2459 in
806 2395 986 2476 exemplum
1022 2399 1217 2480 assumptum
1254 2420 1318 2464 esse

204 2501 315 2567 fatear.
360 2499 445 2564 Nam
468 2524 540 2566 cum
567 2499 738 2586 Aeschylus
762 2504 793 2563 et
817 2499 997 2583 Sophocles,
1025 2523 1065 2566 ne
1092 2503 1230 2568 eiusdem
1257 2527 1318 2570 nu-

204 2608 283 2672 meri
306 2612 459 2690 perpetua
481 2607 629 2690 repetitio
653 2607 785 2672 molesta
807 2607 904 2686 fieret,
930 2606 1078 2671 ordinum
1101 2608 1317 2676 distinctiones

205 2736 241 2780 eo
270 2714 478 2793 variaverint,
512 2714 597 2797 quod
628 2715 751 2798 saepius
778 2714 1072 2798 hephthemimeren
1096 2716 1316 2798 admittebant,

204 2820 371 2905 Euripides
393 2821 537 2906 neglecta
560 2821 619 2886 hac
637 2822 788 2888 varietate
801 2823 1074 2906 semiseptenariae
1088 2845 1180 2889 usum
1193 2823 1317 2890 minuit.

206 2927 297 3005 Quod
319 2927 403 2992 idem
426 2927 703 2993 animadvertimus
726 2930 759 2995 in
782 2929 980 3009 Prometheo,
1005 2929 1059 2995 ubi
1082 2935 1214 3014 quartus
1233 2933 1318 3016 qnis-

205 3057 394 3119 queremus
418 3034 688 3118 hephthemimere
711 3036 883 3101 disiunctus
904 3037 1070 3120 reperitur.

272 3142 321 3208 Dc
343 3143 454 3207 ceteris
476 3143 614 3221 senariis,
639 3145 695 3227 qui
717 3145 834 3227 partim
857 3144 1001 3209 tertiaria
1023 3145 1126 3227 prima
1153 3145 1173 3208 i.
1199 3167 1223 3212 e.
1247 3149 1319 3229 post

206 3250 343 3333 primam
367 3249 528 3335 dipodiam
551 3255 630 3328 orta,
655 3252 771 3335 partim
795 3251 897 3316 media
921 3251 1115 3331 dividuntur,
1139 3253 1257 3336 partim
1275 3255 1320 3318 ita

206 3359 281 3421 sunt
303 3356 505 3435 conformati,
528 3360 565 3421 nt
589 3358 693 3434 omnis
712 3379 840 3426 caesura
868 3358 1012 3444 neglecta
1043 3358 1201 3437 videatur,
1233 3361 1319 3445 quod

206 3464 239 3530 in
262 3467 330 3529 tam
352 3463 439 3530 brevi
464 3485 562 3542 versu,
586 3465 613 3528 si
635 3486 707 3529 raro
729 3466 776 3544 fit,
800 3467 970 3556 pffensione
994 3473 1089 3546 caret,
1118 3469 1194 3532 nolo
1218 3469 1319 3552 expli-

206 3572 306 3637 catius
329 3571 486 3651 disserere,
510 3593 583 3636 cum
604 3571 728 3636 Preussi
750 3576 782 3636 et
804 3573 958 3656 imprimis
979 3573 1133 3640 Schmidti
1161 3575 1222 3653 (De
1249 3597 1319 3640 cae-

206 3701 280 3744 sura
311 3679 414 3744 media
444 3678 478 3742 in
511 3677 703 3744 Graecorum
734 3680 878 3744 trimetro
908 3681 1058 3760 iambic0,
1091 3679 1193 3746 Bonn.
1219 3682 1317 3766 1865)

207 3785 477 3850 dissertationibus
500 3784 677 3851 luculenter
700 3787 949 3852 demonstratum
972 3789 1023 3868 sit,
1046 3789 1085 3852 iis
1102 3789 1183 3854 nihil
1202 3790 1318 3869 offerri,

207 3891 293 3977 quod
317 3895 356 3958 ab
380 3893 536 3977 Aeschylo
559 3893 601 3957 sit
623 3893 875 3960 abiudicandum.

273 3995 305 4063 4.
337 3999 396 4064 His
427 4000 497 4066 fuse
526 4000 652 4085 lateque
683 4001 721 4066 de
755 4002 952 4066 senariorum
982 4005 1140 4068 structura
1171 4005 1322 4088 expositis

206 4128 366 4193 perpauca
393 4107 557 4174 additurus
589 4130 658 4173 sum
685 4109 724 4173 de
750 4108 842 4174 rebus
859 4110 1052 4194 ,quibusdem
1076 4109 1109 4174 in
1132 4109 1321 4177 Prometheo

209 4216 429 4299 frequentatis,
459 4217 493 4280 in
515 4217 626 4281 ceteris
648 4215 796 4300 Aeschyli
819 4215 935 4282 fabulis
958 4221 1014 4280 aut
1037 4239 1131 4301 parce
1154 4220 1210 4282 aut
1235 4240 1320 4282 nun·

208 4344 306 4408 quam
338 4322 487 4387 admissis.
542 4322 684 4388 Primum
716 4327 996 4389 commemoratum
1028 4324 1122 4389 velim
1153 4323 1321 4390 studium

208 4429 324 4512 illud,
344 4451 416 4518 quo
434 4432 562 4496 sextus
581 4430 721 4496 senarii
743 4452 806 4516 pes
821 4454 841 4496 a
855 4431 993 4497 ceteris
1008 4431 1321 4518 interpunctione
