3134 4998
320 374 385 442 Sed
407 390 517 463 τιμαῖς
538 393 596 457 0011
619 397 659 463 G.
685 403 786 473 Mosc.
813 418 828 476 l
853 422 886 480 et

232 471 266 536 in
288 481 402 546 ceteris
425 487 588 560 codicibus
612 506 759 574 omnibus
781 513 860 598 legit

231 573 293 642 hoo
320 579 390 648 1000
420 599 563 676 ποιναῖς,
594 604 651 668 sed
681 630 718 674 00
745 616 848 684 001000

875 625 1003 694 videtur
1031 638 1216 727 verisimile,
1246 673 1307 732 pro
1341 679 1378 721 eo
1406 661 1444 726 ab

230 675 462 764 interpolatore
494 703 635 779 positum
667 733 736 778 esse
769 727 890 804 τιμαῖς,
924 733 1011 812 quod
1040 741 1141 808 multo
1170 753 1300 830 gravius
1325 759 1442 828 dictum

228 791 393 866 receptum
422 801 470 859 000
497 822 518 864 0
545 803 749 884 Hermanno.

742 885 747 898 ,
779 826 835 904 qui
863 827 942 896 haec
970 836 1064 905 affert
1086 865 1125 909 ex
1146 849 1302 936 Hesychii
1329 862 1440 930 lexico:

228 883 318 972 τιμή,
347 887 440 976 δόξα,
470 903 553 968 ποτέ
574 907 610 973 δέ
632 913 687 980 καὶ
709 921 855 1009 τιμωρία,
881 926 900 1018 ἢ
921 930 1101 1021 άντέκτισις
1125 945 1142 1037 ἡ
1163 953 1263 1040 κυρία.
1312 963 1441 1048 Optime

225 983 325 1066 igitur
357 993 583 1091 Prometheus,
620 1016 692 1082 odio
725 1030 823 1108 atque
855 1034 903 1098 ira
930 1039 963 1103 in
993 1043 1102 1114 Iovem
1131 1061 1315 1145 perculsus,
1355 1069 1438 1150 dicit,

223 1085 303 1153 illud
339 1100 560 1182 turpissimum
599 1118 661 1183 sibi

694 1126 852 1198 tributum
887 1159 954 1206 esse
986 1154 1175 1237 praemium,
1214 1171 1250 1228 00
1287 1171 1320 1234 10
1362 1194 1436 1237 saxo

224 1188 421 1289 affigeretur.
481 1207 698 1292 Quamobrem
734 1232 904 1311 probabile
938 1255 1000 1327 000,
1040 1257 1250 1344 archetypum
1284 1271 1437 1340 habuisse

223 1299 344 1378 τιμαῖς,
376 1305 540 1395 adscripto
570 1321 857 1408 interpretamento
887 1355 1026 1427 ποιναῖς.
1079 1359 1174 1443 Quod
1198 1389 1271 1436 cum
1294 1376 1440 1460 plerique

220 1394 255 1458 in
277 1420 401 1470 versum
424 1416 614 1504 reciperent,
639 1427 680 1494 G.
697 1433 797 1502 Mosc.
824 1447 849 1505 1.
872 1446 948 1514 Par.
972 1453 1011 1519 Β.
1039 1459 1280 1540 insolentiorem
1305 1481 1437 1560 quidem

222 1499 279 1564 sed
301 1509 499 1582 acerbiorem
522 1530 553 1587 et
575 1533 754 1609 graviorem
777 1545 981 1620 retinuerunt
1002 1558 1182 1634 lectionem.

304 1605 413 1677 Pers.
439 1622 507 1685 125
531 1627 570 1690 ff.
594 1631 693 1701 habet
714 1640 799 1706 Med.

575 1737 642 1810 πᾶς
663 1737 723 1825 γὰρ
746 1738 935 1842 ῖππηλάτης

569 1835 624 1900 καὶ
648 1843 842 1938 πεδοστιβὴς
864 1854 942 1932 troc

565 1943 681 2027 σμῆνος
703 1944 747 2022 atr
770 1950 955 2024 ἐκλέλοιπεν
976 1963 1082 2045 μέλισ-

565 2061 607 2104 σα
630 2043 688 2109 obv
708 2045 837 2142 ὀρχάμῳ
860 2061 997 2146 στράτου

209 2110 347 2190 μέλισσα
370 2144 441 2190 cum
464 2136 571 2203 codice
594 2145 739 2217 Mediceo
761 2159 890 2229 exhibet
910 2167 985 2232 Par.
1009 2173 1038 2236 L

212 2213 252 2277 Β.
277 2225 309 2283 00
339 2225 503 2315 adscripto
529 2244 689 2320 μελισσῶν
715 2258 783 2324 Ρο0
811 2263 840 2327 Β

213 2315 367 2390 (10000100.
396 2337 420 2394 1.
466 2337 529 2405 Sed
556 2350 748 2437 priusquam
771 2363 835 2429 lect

906 421 939 486 in
962 430 1107 510 margine
1122 435 1197 503 Par.
1223 443 1260 508 B.
1284 451 1444 540 exhibent,

862 542 900 586 00
916 533 1053 604 ποιναῖς.
1091 535 1242 622 Apparet
1258 548 1336 616 10001
1352 578 1444 637 00000

1042 2223 1047 2236 .
1071 2180 1253 2257 μελισσάων
1277 2190 1317 2256 G.
1349 2195 1428 2261 Ven.

844 2313 850 2327 .
879 2269 1039 2348 μελισσαῖν
1062 2279 1129 2346 Vit.
1154 2286 1243 2370 Lips.
1272 2295 1428 2373 petroccio

836 2367 943 2438 ionum
967 2381 1155 2452 varietatem
1177 2398 1426 2479 perpendamus,

212 2423 290 2502 quid
313 2428 354 2508 sit
376 2435 417 2499 ab
441 2439 510 2522 ipso
534 2449 873 2550 rheschyloscriptum
896 2485 1152 2560 cognoscendum
1175 2495 1244 2560 erit.

295 2527 390 2598 Solus
419 2543 501 2608 enim
533 2550 756 2630 Kirchhoffius
789 2593 861 2638 cum
890 2585 988 2646 ceteri
1018 2587 1159 2656 editores
1189 2599 1344 2677 μελισσᾶιι
1379 2627 1426 2668 00·

208 2626 341 2697 00100000
375 2661 437 2705 000
471 2647 669 2744 dubitarent,
702 2665 866 2756 μέλισσαι,
899 2685 986 2762 quod
1019 2694 1152 2775 propius
1186 2703 1355 2771 accederet
1385 2707 1426 2772 ad

207 2729 325 2798 codicis
340 2737 426 2806 Med.
443 2747 623 2844 lectionem,
645 2773 768 2853 recepit
791 2798 808 2839 0
825 2781 1019 2854 scholiastae
1036 2791 1171 2862 Medicei
1195 2802 1424 2875 adnotatione:

206 2836 460 2913 καταλελοίπασι
472 2853 528 2943 τὴν
544 2859 641 2928 πόλιν
656 2863 906 2959 ἀκολουθοῦντες
917 2886 1018 2978 Ξέρξῃ
1029 2891 1073 2970 alc

290 2939 404 3012 Posita
433 2961 481 3020 000
508 2966 687 3049 scripturae
716 2977 848 3048 diversit

204 3040 341 3109 notione.
387 3051 450 3135 Qui
470 3063 624 3140 μελισσᾶν
639 3079 783 3147 scribunt

204 3143 260 3223 qui
273 3143 424 3225 μέλισσαι
439 3162 628 3256 0100001000

1083 2897 1233 2978 μέλισσαι
1246 2905 1282 2972 τὸ
1296 2915 1423 3000 σμῆνος.

850 3009 885 3052 00
913 2990 946 3054 10
974 2995 1094 3079 duplici
1118 3007 1264 3074 vocabuli
1287 3019 1421 3102 σμνῆνος

783 3134 791 3165 ,
814 3093 1148 3185 σμνῆνος10001110000
1164 3129 1296 3177 examen
1313 3140 1420 3200 apum,

651 3182 804 3261 μελισσᾶν
820 3192 847 3254 01
863 3192 990 3280 legitur,
1015 3199 1200 3275 ἐκλέλοιπεν
1214 3214 1421 3286 intransitiva

202 3244 435 3326 significatione
462 3275 510 3331 est
537 3279 728 3359 capiendum
755 3312 815 3372 pro
840 3291 971 3382 οἴχεται,
1005 3305 1044 3369 01.
1069 3309 1242 3395 Sapaeos
1266 3313 1339 3384 ἀλλ’
1366 3314 1420 3388 οὖν

200 3346 414 3439 3801101τοὺο
435 3369 491 3454 τῆς
512 3368 647 3467 ἁλούσης
670 3384 787 3466 πόλεος
809 3392 968 3467 ἐκλείπειν
998 3405 1099 3493 λόγος.
1146 3416 1276 3502 Optime
1305 3425 1416 3508 ingens

198 3451 346 3534 peditum
383 3469 415 3528 et
452 3476 595 3554 equitnm
627 3489 801 3560 multitudo
836 3515 1043 3587 comparatur
1077 3538 1149 3584 cum
1185 3525 1346 3607 examine,
1385 3536 1416 3594 et

198 3554 347 3640 princeps
376 3574 587 3652 expeditionis
618 3592 715 3658 tacite
747 3619 819 3664 cum
850 3627 924 3688 rege
956 3633 1060 3695 apum.
1108 3619 1144 3686 Si
1168 3622 1318 3704 μέλισσαι
1342 3653 1414 3696 cum

198 3654 403 3732 Kirchhoffio
431 3674 604 3759 legendum
631 3714 700 3759 0000
722 3705 908 3789 0000010000,
939 3727 1146 3800 comparatur
1166 3729 1287 3810 patria,
1316 3755 1412 3814 quam

197 3758 397 3844 reliquerunt
422 3776 543 3852 Persae
573 3813 646 3859 cum
676 3800 833 3887 alveario,
865 3833 904 3875 ex
932 3838 995 3898 quo
1023 3822 1153 3887 avolant
1182 3850 1269 3912 apes.
1315 3835 1411 3918 Quod

197 3865 322 3934 etiamsi
351 3893 416 3940 non
443 3904 557 3964 00000
579 3904 663 3963 00000
685 3902 889 3993 languidum,
921 3923 1028 3986 tamen
1052 3930 1214 3995 structura
1236 3938 1331 4016 paulo
1353 3940 1409 4004 im-

193 3979 335 4060 peditior
359 3989 526 4067 quominus
549 3998 595 4062 sic
617 4005 780 4088 scripsisse
802 4012 1001 4102 Aeschylum
1023 4025 1209 4114 iudicemus,
1233 4039 1406 4108 dissuadet.

193 4080 280 4148 Nam
307 4088 341 4154 in
369 4091 430 4156 hac
457 4102 616 4167 sententia
643 4111 711 4184 παῖς
732 4110 811 4188 λειῖις
832 4115 1018 4188 ἐκλέλοιπεν
1039 4119 1082 4203 ὡς
1104 4139 1237 4222 σμνῆνος
1257 4138 1406 4222 μέλισσαι

192 4192 250 4251 000
277 4193 409 4260 verbum
439 4195 624 4269 ἐκλέλοιπεν
650 4209 753 4278 010000
783 4219 853 4285 1000
874 4223 1080 4296 intransitiva
1103 4236 1335 4320 significatione
1359 4252 1406 4311 000

190 4286 443 4383 intelligendum,
467 4305 570 4371 altero
593 4315 771 4399 transitiva,
802 4326 888 4404 quod
911 4328 987 4393 ferri
1010 4355 1073 4398 non
1096 4347 1214 4424 000000,
1243 4346 1303 4410 nisi
1327 4349 1400 4412 sub·

191 4393 386 4466 audiendum
412 4405 454 4470 sit
481 4409 642 4480 obiectum
673 4416 770 4485 πόλιν
799 4426 848 4491 vel
878 4429 980 4496 simile
1002 4438 1080 4517 quid
1103 4445 1188 4522 quod
1212 4469 1275 4512 000
1298 4452 1401 4516 minus
