3134 4998
614 1132 756 1283 Pars
797 1133 823 1240 Ι.

191 1472 299 1539 Huius
330 1472 449 1539 aetatis
480 1472 566 1538 viros
597 1472 711 1540 doctos
741 1495 938 1559 magnopere
968 1475 1139 1541 dissentire
1170 1477 1255 1541 inter
1286 1497 1320 1541 se

96 1581 235 1642 constat
256 1575 296 1642 de
320 1575 485 1642 codicibus
508 1575 700 1660 Aeschyleis
723 1582 809 1642 recte
832 1578 1049 1644 aestimandis.
1094 1579 1163 1644 Alii
1186 1580 1279 1661 enim,
1303 1600 1320 1644 e

97 1679 216 1746 codice
237 1678 383 1746 Mediceo
407 1680 565 1762 omnium,
592 1679 652 1763 *qui
673 1700 760 1744 nunc
782 1686 910 1746 exstant
930 1681 1077 1746 codicum
1098 1683 1322 1765 antiquissimo

98 1789 232 1849 ceteros
260 1783 455 1848 recentiores
478 1784 645 1848 universos
673 1781 802 1848 fluxisse
825 1782 1037 1864 affirmantes,
1067 1784 1148 1864 nihil
1169 1786 1322 1870 praesidii

100 1907 177 1952 esse
199 1885 287 1970 apud
308 1885 451 1970 reliquos
473 1885 680 1966 contendunt,
704 1887 846 1968 exceptis
866 1885 904 1949 iis
918 1885 1005 1966 locis,
1029 1885 1145 1969 quibus
1161 1887 1321 1954 levissima
1423 1901 1427 1909 '

103 1990 226 2056 codicis
248 1988 386 2054 Medicei
408 1990 487 2054 vitia
509 2009 529 2053 a
551 1988 783 2072 posterioribus
804 1987 946 2053 librariis
968 1989 1033 2054 sint
1055 1995 1210 2054 correcta.

192 2092 263 2160 Alii
284 2093 477 2158 recentiores
499 2112 627 2174 quoque
650 2092 777 2158 codices
800 2101 891 2156 suam
913 2091 1034 2158 habere
1050 2092 1274 2158 auctoritatem
1289 2094 1322 2157 in

103 2195 301 2262 contrariam
329 2199 456 2280 partem
483 2193 638 2276 afferunt,
667 2194 786 2279 quippe
808 2215 873 2259 non
896 2215 917 2258 a
939 2195 1047 2260 codiee
1070 2194 1217 2261 Medieeo
1240 2194 1323 2261 deri·

105 2305 210 2380 vatos,
234 2298 292 2365 sed
314 2319 354 2362 ex
375 2298 439 2363 alio
463 2298 604 2380 quodam
624 2297 709 2363 libro
731 2296 878 2363 Mediceo
899 2298 1075 2362 vetustiore
1096 2297 1261 2363 deductos.

195 2400 307 2468 Codex
334 2400 499 2467 Medioeus
527 2405 581 2480 32,
610 2404 629 2464 9
658 2399 936 2478 membranaceus,
968 2400 1095 2465 saeculo
1124 2400 1162 2464 X
1188 2400 1238 2465 vel
1266 2400 1324 2465 XI
1358 2479 1360 2485 Ι

108 2505 257 2589 scriptus,
277 2504 422 2570 continet
441 2509 571 2588 praeter
586 2500 756 2586 Sophoclis
772 2507 895 2584 septem
910 2522 992 2584 qnae
1008 2509 1181 2585 supersunt
1195 2502 1323 2568 fabulas

107 2615 142 2674 et
170 2606 340 2692 Apollonii
368 2605 491 2672 Rhodii
521 2605 747 2688 Argonautica
777 2604 933 2688 Aeschyli
963 2603 1092 2669 fabulas
1122 2605 1184 2669 hoc
1211 2603 1324 2669 ordine

105 2710 264 2777 traditas:
319 2709 453 2791 Persas,
496 2708 792 2792 Agamemnonem,
831 2706 1056 2790 Ohoephoros,
1094 2706 1325 2773 Prometheum

106 2813 322 2894 Eumenides,
354 2811 487 2897 Septem
517 2812 669 2876 adversus
698 2810 843 2891 Thebas,
875 2808 1055 2893 Supplices.
1109 2809 1241 2877 Scholia
1270 2809 1326 2874 ad·

109 2917 239 3000 scripsit
271 2916 305 2981 in
335 2915 480 2998 margine
513 2935 626 2978 manus
655 2913 809 2993 secunda,
843 2912 1022 2996 eademque
1050 2934 1164 2978 manus
1198 2913 1325 2996 saepius

109 3019 288 3086 correxisse
309 3017 438 3084 videtur
459 3015 579 3082 menda
600 3037 620 3080 a
641 3016 747 3099 prima
761 3036 860 3080 manu
876 3014 1026 3079 admissa.
1071 3015 1326 3081 Emendationes

111 3142 227 3186 manus
248 3121 417 3202 secundae,
440 3140 523 3204 quae
546 3125 596 3184 eet
617 3139 715 3182 manu
736 3118 843 3201 prima
863 3138 929 3182 non
950 3118 1052 3183 multo
1067 3120 1234 3200 recentior,
1257 3140 1325 3184 cor-

112 3228 221 3287 rector
241 3224 415 3307 sumpsisse
437 3222 565 3287 videtur
588 3243 627 3287 ex
650 3220 761 3286 eodem
783 3221 939 3304 exemplo,
963 3241 979 3285 e
1002 3243 1066 3305 quo
1089 3222 1188 3288 verba
1209 3227 1325 3305 potitae

112 3331 188 3391 sunt
208 3325 379 3408 descripta.
416 3326 539 3391 Postea
559 3345 635 3389 vero
661 3344 775 3388 manus
795 3325 990 3389 recentiores
1012 3324 1119 3390 verbis
1141 3330 1256 3408 potitae
1278 3325 1326 3389 in·

110 3429 258 3495 tulerunt
279 3433 312 3493 et
325 3426 591 3508 interpolationes
608 3432 640 3492 et
655 3427 906 3510 emendationes,
930 3448 1013 3510 quae
1030 3448 1206 3513 congruere
1222 3426 1328 3492 solent

112 3553 187 3597 cum
207 3530 400 3598 lectionibus
422 3529 566 3594 codicum
588 3531 813 3595 recentiorum.

198 3633 282 3701 Sunt
309 3639 441 3720 praeter
467 3632 653 3698 Medioeum
676 3633 822 3698 nonnulli
845 3633 985 3716 codices,
1019 3633 1075 3717 qui
1104 3653 1214 3700 omnes
1243 3653 1326 3716 quae

113 3758 198 3802 nuno
219 3744 349 3804 exstant
370 3735 527 3820 Aeschyli
547 3735 675 3801 fabulas
697 3737 878 3818 continent,
903 3737 959 3802 sed
983 3757 1019 3802 eo
1042 3735 1155 3802 ordine
1178 3737 1325 3820 scriptas,

112 3844 150 3903 ut
171 3839 412 3922 Prometheum,
436 3839 577 3923 Septem,
601 3839 729 3918 Persas,
754 3837 892 3904 Orestea
915 3845 947 3904 et
969 3838 1138 3923 Supplices
1154 3841 1326 3922 excipiant.

194 3940 275 4006 Plus
302 3949 411 4008 autem
439 3942 576 4025 triginta
603 3947 679 4005 sunt
712 3940 803 4020 libri,
840 3941 957 4025 quibus
988 3942 1075 4007 solae
1102 3941 1326 4024 Prometheus,

29 4061 35 4090 ¹
114 4042 262 4126 Septem,
297 4043 419 4110 Persae
452 4050 527 4110 sunt
559 4044 711 4110 traditae.
764 4042 854 4132 Quos
889 4043 1031 4128 singulos
1069 4065 1258 4112 enumerare
1295 4052 1328 4109 et

114 4145 269 4210 disserere
291 4146 331 4212 de
347 4168 457 4212 eorum
472 4153 590 4212 natura
608 4153 643 4212 et
658 4151 766 4211 aetate
782 4147 906 4225 omitto,
929 4168 1000 4212 oum
1016 4149 1159 4214 omniurn
1181 4149 1327 4214 codicum

114 4247 212 4312 index
233 4250 312 4314 satis
334 4255 505 4313 accuratus
527 4250 710 4315 inveniatur
732 4250 765 4313 in
788 4248 938 4315 editionis
952 4251 1216 4316 Hermannianae
1236 4274 1328 4334 prae-

113 4349 235 4416 fatione
256 4350 404 4418 Mauritii
426 4347 575 4435 Hauptii.
608 4351 709 4444 Satis
732 4358 781 4418 est
802 4352 917 4418 afferre
945 4354 1090 4419 codicum
1113 4358 1328 4420 recentiorum

115 4453 238 4517 nullum
260 4454 411 4520 recedere
433 4455 520 4519 ultra
540 4456 638 4521 XIII
660 4456 831 4521 saeculum.

1164 4574 1177 4626 l
