3134 4998
678 250 878 344 ‚L

165 446 254 530 quod
267 446 308 514 G.
332 467 460 531 quoque
482 449 610 515 videtur
630 472 650 514 a
672 451 776 534 prima
790 471 889 515 manu
909 450 1071 516 habuisse.
1121 449 1184 517 Vit.
1209 451 1381 518 lectionem

164 551 286 634 recepit
307 550 530 632 Hermannus,
558 553 658 618 allato
685 554 755 620 loco
779 552 920 618 Alcestis
949 551 1167 635 Euripideae,
1190 553 1247 618 ubi
1268 577 1297 618 v.
1321 561 1383 619 838

164 653 299 734 legitur:
344 646 444 740 ὀρθὴν
471 649 547 740 παρ’
572 646 675 737 οἶμον,
705 648 723 744 ἢ
749 651 804 722 'ni
827 653 1002 740 Λάρισσαν
1023 651 1122 742 φέρει.
1167 655 1281 721 Fuisse
1307 679 1384 723 sane

164 755 294 820 videtur
326 757 359 822 iu
390 757 564 840 archetypo
600 756 732 844 λεορὰν,
752 780 811 842 pro
844 780 908 840 quo
934 757 1021 822 Med.
1049 763 1082 823 et
1118 748 1200 822 recu.
1227 758 1383 844 plerique,

164 879 239 922 cum
261 857 460 925 offenderent
481 860 514 924 in
536 860 689 926 feminina
711 861 825 944 forma,
849 862 1049 944 scripserunt
1072 857 1189 946 λιαρὸν.
1214 897 1254 908 -

253 977 357 1062 Sept.
381 983 460 1044 614
482 980 581 1045 habet
604 981 689 1045 Med.

252 1099 322 1174 οἵας
344 1093 376 1183 μ’
401 1094 518 1186 ἀρᾶται
539 1099 595 1165 καὶ
616 1097 803 1181 κατεύχεται
825 1097 931 1181 τύχας,
957 1100 1028 1176 οἵας
1048 1095 1081 1185 μ’
1104 1102 1263 1185 praebent
1285 1105 1383 1169 etiam

165 1202 208 1268 Gr.
233 1203 309 1266 Par.
332 1202 372 1267 B.
396 1203 466 1277 οἵας
487 1203 577 1286 Lips.
593 1204 670 1268 Par.
688 1203 725 1269 O.
749 1201 846 1268 Taur.
862 1203 961 1271 Vind.
986 1207 1014 1266 1.
1039 1208 1057 1266 3
1081 1210 1113 1269 et
1135 1205 1254 1270 lemma
1269 1206 1384 1272 scholii

163 1307 198 1369 in
224 1305 267 1372 G.
287 1305 349 1370 ὀἵα
371 1300 402 1388 γ’
427 1305 493 1373 Vit.
518 1295 571 1370 οἷα
594 1300 625 1390 μ’
650 1305 808 1371 Cantabr.
834 1310 861 1369 l.
888 1303 988 1373 Vind.
1011 1308 1042 1369 4.
1067 1295 1120 1369 οἷα
1144 1305 1204 1391 γὰρ
1231 1308 1329 1375 Vind.
1354 1315 1382 1373 2.

163 1398 219 1472 οἷα
249 1407 325 1472 Ald.
357 1407 477 1474 Variae
504 1408 658 1477 lectiones
686 1431 705 1472 a
734 1408 876 1473 Faehsio
907 1429 924 1472 e
956 1406 1032 1473 Par.
1061 1407 1102 1473 B.
1134 1409 1253 1474 allatae
1276 1399 1329 1475 οἷα
1351 1417 1383 1476 et

162 1500 231 1586 οἷος
253 1507 376 1596 ὁρᾶται.
421 1511 462 1576 Ιο
484 1493 569 1575 Med.
593 1510 706 1575 literae
729 1533 767 1585 ας
788 1511 821 1574 in
844 1510 945 1575 litura
968 1516 1043 1575 sunt
1065 1513 1208 1596 scriptae
1232 1535 1252 1577 a
1274 1534 1382 1578 recen-

94 1645 96 1650 ·
160 1616 247 1680 tiore
268 1635 365 1680 mauu
388 1618 421 1678 et
442 1618 586 1677 mutatus
602 1621 766 1692 accentus3
789 1613 902 1680 literae
919 1603 953 1678 οἷ
974 1614 1115 1697 aprima
1130 1637 1228 1679 manu
1244 1617 1383 1699 scriptae

160 1718 347 1798 ostendunt,
370 1723 446 1782 ante
468 1717 697 1781 correctionem
720 1717 806 1782 Med.
830 1717 981 1782 habuisse
1004 1707 1058 1780 οἷα
1080 1710 1106 1800 μ’
1124 1712 1249 1804 ἀρᾶται.
1280 1719 1381 1783 Recte

160 1817 293 1903 scripsit
314 1819 523 1884 Hermannus
550 1841 622 1883 cum
646 1817 735 1902 Lips.
758 1820 836 1884 Par.
861 1819 902 1886 O.
924 1819 1041 1884 ceteris
1064 1815 1275 1905 eracapere
1302 1821 1381 1884 nihil

161 1923 216 1987 hic
239 1944 319 2005 opus
342 1943 411 1987 esse
434 1943 468 2005 με
488 1921 652 2004 particula
675 1921 845 1986 adnotans.
890 1923 936 1987 Et
958 1923 1108 2004 cognosci
1130 1928 1239 2006 potest
1262 1944 1300 1987 ex
1316 1923 1380 1986 illis
1508 1967 1511 1974 .

159 2025 337 2106 codicibus,
358 2013 415 2107 'qui
438 2014 491 2088 οἷα
512 2019 539 2108 y'
564 2018 681 2106 ἀρᾶται
703 2025 865 2105 exhibent,
890 2025 1098 2108 quamobrem
1114 2047 1148 2109 με
1161 2025 1322 2108 particula
1337 2026 1379 2090 ab

158 2127 395 2211 interpolatore
422 2127 464 2192 sit
493 2126 616 2192 addita.
661 2126 870 2210 Archetypus
900 2127 985 2192 enim
1007 2128 1152 2193 habebat
1175 2118 1228 2192 οἷα
1251 2122 1377 2214 ἀρᾶται,

161 2231 252 2315 quod
277 2231 432 2296 remansit
461 2230 495 2294 in
527 2229 668 2295 editione
695 2227 833 2310 Aldina,
868 2231 1009 2313 itemque
1043 2229 1131 2314 quod
1156 2231 1232 2296 Par.
1265 2231 1304 2296 B.
1339 2233 1380 2316 (si

160 2339 251 2398 reete
280 2333 505 2398 Hermanuum
533 2332 695 2416 intelligo)
728 2332 826 2397 habet
856 2333 889 2397 in
920 2333 1064 2415 margine
1094 2319 1147 2396 οἶα
1176 2329 1304 2420 ὁρᾶται,
1338 2335 1380 2400 ad

162 2438 271 2520 ipsum
295 2436 506 2519 archetypum
528 2434 658 2500 videtur
680 2455 749 2499 esse
772 2435 985 2499 referendum.
1031 2433 1097 2500 Sed
1120 2436 1286 2522 archetypi
1314 2439 1380 2501 iam

161 2543 327 2603 corrector
349 2539 457 2603 hiatus
479 2537 613 2602 tollendi
640 2559 739 2602 causa
769 2537 811 2603 ad
834 2527 888 2601 οἷα
910 2559 1009 2621 supra
1030 2537 1202 2621 adscripsit
1224 2535 1268 2623 y',
1292 2539 1380 2622 quod

162 2665 181 2706 a
204 2641 340 2706 librario
356 2639 441 2705 Med.
457 2640 490 2704 in
507 2641 676 2705 verborum
690 2639 936 2705 continuitatem
953 2647 1002 2706 est
1017 2646 1191 2726 receptum,
1209 2664 1229 2705 a
1245 2641 1380 2706 librario

161 2745 218 2823 A,
241 2744 324 2808 sicut
345 2744 378 2808 in
400 2743 586 2826 archetype,
611 2763 709 2825 supra
731 2742 850 2807 lineam
872 2743 1082 2827 adscriptum.
1127 2745 1179 2809 Ex
1202 2742 1312 2808 codice
1335 2743 1378 2809 A.

160 2847 340 2911 recentium
362 2847 418 2911 alii
440 2838 493 2910 οἶα
516 2841 641 2927 ἀρᾶται,
664 2845 720 2910 alii
736 2835 789 2909 οἷα
812 2840 843 2929 μ’
867 2840 985 2930 ἀρᾶται
1006 2847 1255 2930 descripserunt.
1291 2847 1381 2911 Non·

162 2949 244 3013 nulli
267 2949 405 3032 denique
427 2948 554 3013 librarii
576 2953 661 3012 reete
684 2947 754 3022 οἵας
776 2949 1004 3030 restituerunt,
1027 2949 1114 3032 quod
1136 2955 1251 3033 postea
1272 2973 1291 3014 a
1314 2972 1375 3014 ree.

161 3075 262 3118 manu
285 3053 318 3116 in
342 3052 428 3117 Med.
452 3057 500 3117 est
524 3057 713 3117 correctum.
736 3089 778 3097 —

248 3170 314 3237 Sed
329 3171 409 3235 haec
424 3171 581 3235 hactenus
597 3170 636 3234 de
652 3169 966 3253 interpolationibus,
984 3169 1109 3254 quibua,
1127 3192 1199 3235 oum
1214 3171 1375 3254 integram

163 3274 331 3356 archetypi
345 3274 515 3338 lectionem
531 3271 704 3337 ostendant
718 3273 843 3337 codices
864 3274 1067 3354 recentiores,
1088 3273 1242 3339 librarius
1260 3272 1379 3338 codicis

164 3376 303 3442 Medicei
324 3381 439 3474 poetae
461 3375 561 3440 verba
585 3375 783 3458 depravavit.

251 3497 357 3564 Venio
379 3495 421 3560 ad
444 3497 533 3561 aliud
555 3494 805 3579 argumentandi
832 3517 942 3578 genus.
987 3494 1103 3560 Potest
1126 3496 1211 3560 enim
1234 3517 1381 3562 nonnun-

165 3622 264 3684 quam
298 3600 412 3665 coniici
441 3621 458 3664 e
483 3599 638 3663 librorum
669 3599 900 3683 discrepantia,
928 3597 1026 3664 fuisse
1053 3600 1086 3664 in
1116 3599 1292 3683 archetypo
1325 3605 1382 3664 aut

165 3725 265 3787 supra
291 3704 363 3786 ipsa
395 3701 553 3766 vocabula
580 3707 639 3765 aut
668 3702 701 3766 in
724 3701 868 3782 margine
890 3700 1065 3766 adnotatas
1095 3703 1202 3767 varias
1224 3703 1380 3767 lectiones

167 3811 226 3870 aut
247 3806 541 3889 interpretationes,
565 3826 646 3887 quas
668 3825 740 3868 curn
755 3803 840 3868 Med.
863 3804 897 3868 in
911 3809 1036 3868 textum
1059 3805 1226 3890 reciperet,
1250 3804 1320 3870 cod.
1336 3802 1379 3870 A.

166 3930 242 3973 vera
266 3907 421 3992 Aeschyli
443 3907 541 3971 verba
563 3907 709 3970 tradidit.

252 4029 376 4094 Proin.
405 4051 432 4093 v.
463 4031 550 4107 225,
579 4027 793 4092 Prometheus
822 4049 896 4092 cum
924 4025 1071 4107 dixisset,
1101 4049 1159 4092 sua
1181 4026 1381 4110 potissimum

166 4154 265 4217 opera
289 4131 466 4199 Saturnum
490 4131 585 4196 deum
605 4130 726 4194 victum
748 4151 816 4195 esse
839 4151 858 4193 a
880 4130 968 4211 Iove,
991 4129 1038 4194 sic
1059 4130 1178 4212 pergit:

697 4243 804 4314 τοιάδ’
829 4246 864 4328 ἑξ
888 4246 966 4331 ἐμοῦ

435 4346 453 4416 ὁ
476 4355 541 4414 τῶν
561 4354 649 4416 θεῶν
670 4348 821 4437 τύραννος
843 4345 1043 4439 ὠφελημένος

434 4457 566 4518 κακαῖσι
589 4458 697 4536 τιμαῖς
719 4453 830 4520 ταῖσδε
850 4450 882 4536 μ’
908 4448 1114 4537 ἐξημείψατο.
