3134 4998
815 323 856 390 16

277 517 431 590 accedere.
477 518 524 586 De
557 521 696 628 versibus
726 520 809 585 inter
840 520 1016 603 complures
1043 517 1260 603 colloquentes
1286 515 1393 584 divisis

278 630 360 715 apud
377 630 566 714 Sophoclem
589 627 646 692 cfr.
663 627 838 694 Wecklein.
852 627 934 691 stud.
960 650 991 711 p.
1005 628 1057 693 46.
1081 633 1113 693 ct
1135 626 1274 693 eiusdem
1297 648 1393 711 opus·

280 735 397 814 culum,
421 735 504 820 quod
528 734 701 818 inscripsit:
734 735 838 799 Ueber
860 733 1095 816 symmetrisohe
1117 733 1320 820 Anordnung
1342 735 1393 800 bei

278 844 461 928 Sophenen,
486 842 652 928 Festgruss
675 841 732 906 der
754 840 908 927 philolog.
924 840 1134 906 Gesellschaft
1157 865 1196 907 zu
1211 837 1393 927 Wiirzburg
1419 880 1423 891 ·

278 974 321 1016 an
343 951 393 1015 die
416 949 532 1015 XXVI.
548 947 793 1034 Versammlung
817 947 982 1013 deut-soher
996 947 1184 1033 Philologen
1199 949 1264 1014 und
1281 947 1393 1013 Schul-

279 1063 421 1136 mtnner,
446 1055 629 1140 Wiiruburg
648 1056 742 1133 1868.
759 1077 789 1138 p.
807 1056 879 1133 140,
895 1078 926 1119 n.
942 1056 971 1120 9.
1010 1053 1161 1120 Similiter
1182 1056 1216 1120 in
1233 1053 1394 1140 Oedipode

279 1162 416 1230 Ooloneo
431 1164 504 1228 820.
518 1184 624 1228 versus
637 1163 721 1227 inter
732 1160 888 1246 Oedipum
903 1164 936 1225 et
949 1160 1115 1227 Creontem
1131 1161 1316 1229 distributus
1332 1167 1393 1230 est:

434 1285 485 1351 Ol.
509 1286 592 1374 ὤμοι.
617 1284 683 1350 KP.
707 1285 850 1373 τάχ’ἕξεις
874 1288 987 1373 μᾶλλον
1009 1283 1140 1374 οἰμώζειν
1160 1289 1237 1354 τάδε.

347 1449 458 1535 Neque
494 1445 812 1534 praetermittendum
849 1449 986 1529 videtur,
1024 1451 1109 1534 qnod
1145 1456 1178 1515 et
1213 1453 1317 1536 ipsum
1353 1454 1394 1519 ad

280 1563 422 1624 nostram
445 1558 661 1640 quaestionem
683 1557 830 1640 pertinet,
855 1557 990 1640 primum
1015 1580 1034 1621 a
1057 1557 1196 1623 Martino
1219 1560 1239 1624 l.
1252 1560 1273 1626 l.
1293 1583 1325 1645 p.
1341 1563 1393 1639 24,

282 1666 335 1744 25,
368 1665 551 1743 indicatum,
585 1663 669 1748 quod
702 1667 797 1746 poeta
829 1665 861 1726 et
891 1664 925 1726 in
949 1661 1072 1729 Orestia
1095 1665 1183 1730 etin
1206 1665 1396 1732 Prometheo

280 1773 440 1838 chorum
476 1771 514 1836 in
546 1771 732 1834 sermonis
765 1770 922 1835 duarum
954 1793 1202 1854 personarum
1233 1794 1396 1838 commu·

281 1881 433 1946 niouem
458 1877 623 1954 vocavit,
655 1899 726 1964 qum
749 1877 783 1940 in
807 1876 1055 1941 ceteris·fabulis
1077 1878 1123 1941 ita
1147 1878 1286 1944 diverbia
1308 1881 1396 1944 insti·

283 1988 402 2065 tuisset,
435 1989 471 2050 ut
494 1988 551 2049 aut
574 1989 694 2048 actores
716 1985 800 2048 inter
821 2005 854 2048 se
876 1983 1130 2068 colloquerentur
1153 1992 1278 2052 tacente
1300 1988 1412 2052 choro·

282 2098 339 2158 aut
362 2094 461 2158 altero
485 2095 592 2156 actore
613 2094 738 2154 tacente
761 2089 874 2154 chorus
898 2111 970 2153 cum
992 2093 1091 2155 altero
1111 2094 1228 2176 ageret.
1265 2092 1303 2157 In
1318 2093 1396 2160 Pro-

242 2253 246 2261 .
265 2199 411 2290 ‘metheo
434 2197 561 2282 quidem
584 2197 699 2262 chorus
718 2218 774 2280 per
788 2193 904 2260 Oceani
918 2218 990 2261 cunr
1003 2196 1191 2263 Prometheo
1204 2199 1396 2284 colloquium

282 2309 363 2385 silet,
393 2328 465 2369 eum
489 2304 713 2368 Prometheum
736 2324 807 2368 cum
830 2302 865 2367 lo
889 2302 956 2368 fata
979 2304 1089 2368 futura
1111 2307 1397 2372 communicantem

282 2412 472 2497 interpellet.
511 2411 631 2476 Eodem
653 2411 747 2476 modo
770 2411 843 2475 inde
866 2433 885 2475 a
908 2432 938 2476 v.
964 2411 1057 2479 1036.
1080 2411 1306 2479 Prometheum
1329 2437 1398 2480 mo-

282 2524 347 2600 net,
371 2523 408 2584 nt
430 2520 551 2585 abiecta
575 2515 706 2602 αὐθαδίᾳ
728 2518 860 2601 recipiat
881 2521 933 2604 τὴν
955 2522 1050 2605 σοφὴν
1072 2515 1230 2602 εὐβουλίαν.

352 2662 474 2740 Restat,
497 2666 535 2726 ut
547 2662 582 2724 in
596 2661 658 2724 fine
672 2660 775 2738 huius,
794 2681 875 2742 quae
889 2664 957 2725 erat
971 2659 1008 2725 de
1021 2662 1182 2742 trimetris,
1206 2665 1398 2747 quaestionis

285 2769 379 2835 verba
411 2769 563 2834 faciamus
594 2767 632 2832 de
664 2788 817 2833 numero
849 2767 1088 2833 senariorum
1119 2769 1234 2835 choro
1271 2771 1398 2835 tribn-

284 2882 425 2954 torum,
454 2897 549 2959 quam
572 2875 606 2939 in
629 2896 697 2939 rem
718 2874 881 2958 inquisivit
904 2873 942 2938 R.
967 2873 1204 2960 Engelmannus
1226 2877 1258 2940 in
1283 2876 1399 2964 Philol.

284 2983 418 3063 XXVII,
442 3005 471 3050 a.
498 2984 591 3060 1868,
617 3005 647 3064 p.
672 2983 744 3048 736.
793 2981 1062 3046 Persarutantibus
1085 2982 1178 3061 enim,
1211 3003 1292 3066 quae
1315 2983 1397 3047 ratio

284 3088 460 3157 intercedat
491 3090 525 3153 in
549 3088 695 3172 Aeschyli
728 3087 843 3152 fabulis
873 3089 957 3154 inter
987 3088 1076 3153 chori
1106 3089 1244 3155 seuerius
1271 3089 1399 3174 eiusque

286 3200 393 3283 partes
414 3197 548 3274 melicas,
573 3196 720 3273 occurrit,
743 3195 937 3260 senariorum
952 3195 1150 3261 choricorum
1164 3219 1264 3276 usum,
1288 3198 1395 3281 quiin

285 3303 516 3388 antiquioribus
531 3303 647 3368 fabulis
660 3303 694 3366 in
709 3307 879 3386 angustum
896 3301 1046 3366 deductus
1061 3305 1138 3381 erat,
1161 3305 1195 3368 in
1210 3303 1397 3369 Prometheo

284 3415 353 3476 tam
375 3409 516 3492 amplum
540 3409 662 3474 factum
685 3430 759 3487 esse,
792 3412 829 3472 nt
852 3408 948 3493 dupla
971 3411 1191 3475 tantummodo
1224 3432 1298 3495 pars
1330 3433 1398 3476 car·

286 3517 423 3582 minibus
455 3516 587 3580 choricia
619 3515 857 3599 relinqueretur.
905 3515 1016 3600 Itaque
1047 3523 1131 3583 recte
1161 3516 1398 3604 Engelmannhs

285 3624 307 3689 l.
332 3624 352 3687 l.
377 3624 455 3687 haee
478 3622 658 3688 adnotavit:
684 3623 734 3687 Da
757 3645 823 3687 nnn
846 3624 880 3687 in
903 3623 1014 3688 beiden
1031 3623 1180 3689 Punlrten
1194 3624 1400 3692 Prometheus

287 3752 328 3795 an
345 3729 506 3795 derselben
521 3729 616 3794 Stelle
631 3730 795 3808 erscheint,
812 3731 928 3795 einmal
942 3732 989 3795 als
1003 3731 1057 3797 das
1071 3730 1179 3810 Stiick,
1201 3732 1233 3795 in
1249 3731 1419 3800 wekhem·

286 3837 342 3902 der
365 3835 449 3901 Chor
472 3836 532 3900 den
555 3836 711 3902 kleinsten
735 3836 839 3901 Raum
871 3839 1047 3918 einnimmt,
1080 3839 1144 3902 und
1164 3839 1321 3905 ·nvveitens
1353 3843 1399 3906 als

287 3945 351 4022 das,
384 3944 419 4008 iu
452 3943 600 4010 welchem
633 3943 688 4009 der
720 3943 804 4009 Chor
835 3967 884 4009 am
910 3946 1081 4030 wenigsten
1105 3935 1256 4028 ljnscher
1279 3948 1399 4013 Maasse

286 4053 353 4116 sich
384 4050 519 4130 bedient,
551 4073 585 4115 so
612 4051 654 4114 ist
681 4073 712 4116 es
740 4052 829 4117 auch.
847 4054 929 4117 wohl
952 4052 1085 4130 erlanbt,
1118 4053 1232 4118 durans
1256 4053 1399 4120 Schliisse

287 4161 340 4223 l'lir
364 4159 413 4223 die
436 4159 503 4224 Zeit
526 4159 581 4223 der
604 4158 786 4244 Abfassung
809 4183 848 4224 au
871 4159 989 4238 ziehen,
1014 4183 1067 4224 um
1090 4181 1124 4226 so
1148 4161 1247 4242 mehr,
1274 4163 1321 4226 als
1343 4162 1399 4227 das

290 4265 486 4332 Verhrltniss
509 4266 590 4331 auch
613 4265 713 4332 durch
736 4268 851 4332 andere
865 4267 1171 4356 Versabtheilungen
1195 4270 1238 4334 im
1252 4269 1398 4336 Wesent

288 4373 391 4440 lichen
414 4373 503 4440 nicht
527 4374 692 4439 vertudert
716 4375 840 4442 werden
863 4376 959 4444 kann.
