3134 4998
738 220 938 326 Aa„

230 431 329 500 misse
350 433 384 496 in
400 430 574 516 archetypo
590 437 735 516 apparet,
759 433 884 498 omissis
902 455 967 519 πορ
982 432 1084 501 literis
1101 429 1184 518 πρὸς
1199 453 1303 508 παιος
1317 438 1445 498 tantum]

231 554 390 600 exarasse.
435 534 526 599 Dicit
546 533 677 617 quidem
699 533 907 600 Hermannus
929 535 962 598 in
984 534 1094 600 codice
1118 533 1170 615 G,
1193 536 1279 599 inter
1300 559 1322 599 α
1342 542 1375 600 et
1392 556 1447 609 τος

231 658 357 704 erasam
377 658 446 702 esse
469 662 486 722 ρ
511 636 639 702 literam
658 635 774 716 videri;
798 658 856 704 nec
880 658 955 702 vero
983 638 1062 702 certi
1083 637 1260 722 quidquam
1281 637 1321 702 de
1351 659 1389 702 ea
1413 659 1447 701 re

232 744 368 804 constat.

316 841 442 907 Prom.
467 843 536 906 155
557 839 657 906 hahet
677 840 843 906 Mediceus
865 861 937 908 oum
959 841 1070 926 paucis
1094 841 1165 906 aliis
1188 842 1353 908 codicibus
1379 843 1448 908 deo-

232 949 305 1029 μοῖς
335 938 464 1019 ἀλίτοις
500 937 622 1029 ἀγρίοις
649 939 804 1021 πελάσας.
850 945 958 1010 Ceteri
989 966 1098 1010 omnes
1134 939 1251 1031 ἀγρίως
1282 947 1448 1028 exhibent,

232 1047 320 1132 quod
352 1045 579 1112 Blomfieldum
612 1052 741 1111 secutus
770 1044 979 1112 Hermannus
1012 1049 1148 1132 recepit,
1186 1048 1385 1132 Aeschylum
1423 1049 1449 1112 si

232 1150 413 1234 scripsisset
432 1143 570 1234 ἀγρίοις,
593 1149 773 1232 positurum
795 1145 893 1212 fuisse
916 1142 1045 1225 ἀλύτοις
1066 1150 1194 1233 δεσμοῖς
1217 1144 1337 1237 ἀγρίοις
1360 1158 1448 1216 recte

234 1253 403 1320 adnotans.
446 1251 606 1318 Perfacile
634 1251 742 1334 potuit
769 1249 854 1330 fieri,
885 1259 923 1318 ut
944 1253 1096 1318 librarius
1120 1253 1206 1318 Med.
1231 1252 1348 1318 calami
1370 1255 1449 1318 uitio

235 1356 391 1423 scriberet
417 1348 539 1440 ἀγρίοις
565 1375 625 1436 pro
648 1347 778 1439 ἀγρίως,
808 1353 864 1419 sed
886 1376 951 1420 non
973 1356 1144 1421 verisimile
1167 1360 1230 1436 est,
1253 1376 1353 1436 recc,
1381 1358 1410 1420 si
1435 1378 1451 1420 e

234 1460 342 1526 codice
367 1457 510 1524 Mediceo
533 1462 641 1522 essent
662 1457 826 1540 descripti,
849 1457 1077 1524 emendaturos
1100 1457 1198 1523 fuisso
1221 1453 1347 1544 ἀγρίως.

321 1562 446 1629 Prom.
470 1564 541 1624 383
570 1566 619 1624 est
646 1561 680 1625 in
702 1561 811 1626 codiee
833 1559 979 1628 Mediceo

388 1661 421 1728 ἐν
441 1665 489 1750 τῷ
511 1665 756 1748 προθυμεῖσθαι
779 1659 814 1728 δὲ
836 1661 892 1728 καί
914 1663 1035 1745 τολμᾶν
1056 1659 1128 1728 τίνα

386 1761 464 1854 ὁρᾷς
484 1760 617 1832 ἐνοῦσαν
639 1761 777 1853 ζημίανς,

321 1872 568 1957 προθυμεῖσθαι
597 1889 671 1932 cum
698 1867 785 1933 Med.
815 1867 968 1933 exhibent
996 1867 1037 1934 G.
1060 1867 1152 1952 Lips.
1177 1874 1193 1933 1
1218 1869 1283 1934 alii.
1329 1891 1453 1956 προμη-

234 1977 372 2040 θεῖσθαι
394 1972 483 2056 Lips.
506 1976 535 2036 a.
564 1970 652 2054 Aug.
674 1971 739 2035 alii.
783 1970 887 2036 Multo
910 1971 1090 2054 elegantius
1119 1978 1152 2037 et
1174 1973 1366 2055 exquisitius
1389 1973 1453 2036 hoc

235 2079 307 2144 loco
328 2097 362 2142 se
383 2075 484 2142 hehet
506 2075 752 2160 προμηθεῖσθαι
774 2094 872 2157 quam
892 2077 1148 2159 προθυμεῖσθαι,
1173 2077 1249 2159 quia
1261 2075 1453 2140 Promethei

236 2201 353 2248 nomen
374 2180 406 2244 in
429 2176 528 2242 verbo
551 2177 819 2298 προμηθεῖσθαι
820 2175 912 2240 audit
898 2181 964 2257 t;ur
996 2183 1095 2262 atque
1119 2178 1327 2245 scholiastum
1349 2179 1454 2245 Medi-

237 2303 328 2348 ccum
350 2301 493 2365 quoquc,
521 2279 578 2362 qui
603 2277 757 2362 explicat:
803 2275 836 2342 ἐν
864 2281 910 2366 τῷ
939 2255 1153 2366 προνοεῖσθαι
1186 2280 1242 2346 καί
1270 2284 1454 2367 πειρᾶσθαι

237 2383 294 2450 τὸν
315 2380 383 2450 Δία
406 2379 546 2464 πείθειν,
569 2381 741 2498 legissem
764 2380 873 2447 codice
896 2402 954 2446 suo
979 2387 1226 2471 προμηθεῖσθαι
1257 2406 1299 2469 po
1300 2391 1367 2450 test
1389 2384 1456 2449 col·

236 2488 304 2571 ligi.
341 2485 428 2552 Nam
450 2484 605 2551 scholiast
591 2490 644 2550 tae
666 2485 698 2550 in
699 2489 844 2567 taorpret
824 2485 890 2550 atio
907 2489 1119 2569 προνοεῖσθαι
1140 2509 1243 2570 neque
1267 2488 1310 2553 ad
1332 2488 1455 2571 τολμᾶν

239 2589 381 2676 quadrat
401 2609 506 2671 neque
528 2587 572 2653 ad
595 2590 855 2674 προθυμεῖσθαι,
883 2587 1003 2670 optime
1025 2610 1100 2654 vero
1130 2590 1173 2655 ad
1195 2595 1454 2680 προμηθεῖσθαι.

240 2692 368 2760 Οαίαιαί
389 2691 483 2776 lapsu
504 2691 604 2774 igitur
624 2690 658 2754 in
674 2688 783 2754 codice
799 2690 945 2756 Mediceo
968 2695 1214 2777 προθυμεῖσθαι
1236 2699 1284 2758 est
1297 2696 1453 2778 seriptum
1538 2691 1539 2702 ί

242 2817 302 2881 pro
329 2797 590 2881 προμηθεῖσθαι,
623 2792 709 2874 quod
747 2814 787 2858 ex
812 2794 986 2878 archetypo
1019 2796 1214 2860 recentiores
1252 2804 1453 2880 receperunt.

245 2898 373 2965 Codicis
398 2897 535 2963 Medioei
564 2900 673 2960 autem
700 2896 795 2960 lectio
823 2903 856 2962 et
882 2898 943 2962 hoc
970 2898 1040 2962 loco
1064 2905 1096 2962 et
1119 2920 1171 2980 eo,
1202 2899 1242 2963 de
1272 2919 1336 2984 quo
1360 2902 1455 2965 modo
1537 2907 1538 2932 ⁴

243 3003 320 3085 dixi,
343 3005 457 3085 postea
477 3000 512 3063 in
533 3018 614 3063 recc.
637 2998 807 3064 nonnullos
830 2999 956 3064 codices
978 3005 1027 3066 est
1048 3000 1218 3073 translata,

331 3105 456 3171 Prom.
480 3104 555 3165 668
578 3100 658 3166 dicit
678 3101 726 3167 Io.

392 3200 442 3272 αεί
463 3202 507 3292 μίγ
528 3201 632 3286 θέλοι,
656 3200 815 3290 πυρωπὸν
837 3198 873 3266 ἐκ
895 3199 978 3279 Διὸς
998 3204 1106 3285 μολεῖν

395 3304 554 3395 κεραυνόν,

243 3433 302 3497 pro
326 3408 500 3497 πυρωπὸν,
523 3409 612 3494 quod
634 3429 743 3474 omnes
766 3429 846 3472 rece.
867 3407 1039 3492 praebent,
1063 3409 1149 3474 solus
1171 3409 1336 3475 Mediceus
1360 3411 1458 3475 habet
1535 3407 1536 3420 ¹

247 3511 405 3603 πυρωπὸν.
449 3513 603 3579 Praestat
632 3509 810 3598 πυρωπόν,
843 3510 930 3594 quod
959 3531 1067 3578 omnes
1097 3511 1236 3577 editores
1267 3513 1456 3597 probarunt,

141 3663 146 3676 .
246 3618 303 3684 sad
325 3617 402 3682 ferri
416 3615 555 3682 Medicei
577 3635 705 3698 quoque
729 3614 823 3679 lectio
846 3619 968 3696 potest3
991 3634 1051 3678 nec
1065 3613 1127 3680 fuit
1141 3616 1385 3697 recentioribus,
1403 3626 1458 3681 cu'r
1534 3659 1535 3702 ,

247 3743 318 3786 eam
346 3723 518 3785 mutarent.
575 3718 785 3784 Manifestum
813 3718 913 3800 igitur
946 3723 1003 3797 est,
1036 3739 1076 3782 ex
1106 3719 1298 3802 archetypo,
1331 3720 1363 3783 in
1397 3742 1457 3802 quo

245 3825 400 3908 scriptum
432 3826 516 3886 esset
539 3818 714 3907 πυρωπὸν,
745 3840 854 3884 veram
874 3820 1044 3885 lectionem
1070 3842 1090 3886 a
1112 3820 1245 3886 librario
1276 3821 1395 3888 codicis
1416 3823 1457 3886 A.

246 3948 316 3992 esse
338 3930 509 4008 sumptam.

332 4027 444 4112 Sept.
470 4030 571 4093 1043
595 4024 743 4109 denique,
767 4045 919 4108 cumpro
941 4025 1074 4107 vulgata
1103 4026 1255 4092 lectione:
1287 4023 1320 4092 cl
1343 4023 1459 4104 πάθα;

245 4129 279 4198 τί
302 4130 337 4198 ἀὲ
359 4131 442 4218 ἀρῶ,
463 4126 497 4193 τί
518 4126 553 4193 δὲ
575 4126 743 4216 pericopae,
764 4128 851 4208 solus
866 4125 1031 4193 Mediceus
1054 4129 1205 4195 exhibeat
1226 4128 1260 4195 τί
1281 4126 1383 4218 d'e’ooi,
1406 4135 1458 4194 aut
1532 4115 1533 4124 ί

247 4259 287 4302 ex
309 4236 444 4318 antiquo
467 4233 550 4297 libro
567 4231 714 4296 hausisse
729 4250 810 4294 recc.
829 4236 886 4293 aut
902 4232 1063 4315 egregiam
1079 4235 1335 4299 emendationem
1350 4235 1458 4299 fecisse

248 4337 494 4422 grammaticum
524 4335 740 4419 Byzantiuum
768 4334 947 4417 putandum
977 4343 1035 4402 est.
1080 4337 1220 4421 Propius
1246 4345 1356 4402 autem
1383 4337 1459 4403 illud

248 4441 376 4506 accedit
398 4439 441 4506 ad
463 4439 641 4502 veritatem.

754 4543 894 4552 -—-..--...
