3134 4998
685 340 725 404 17

212 536 407 603 Offendimus
430 535 529 621 igitur
551 535 710 619 permulta
732 534 766 598 in
790 534 969 600 Promethei
995 533 1147 599 trimetris
1169 555 1195 598 a·
1211 555 1261 597 re·

146 639 239 729 liquis
263 643 411 727 Aeschyli
435 642 550 706 fabulis
573 643 687 720 aliena,
722 648 759 707 ut
784 664 870 708 nunc
892 664 911 706 a
935 639 1091 725 Sophocle
1114 662 1198 706 nunc
1221 640 1261 706 ab

146 751 302 836 Euripide
325 750 468 835 exempla
489 750 605 815 similia
628 752 847 833 repeterentur
876 770 1000 814 necesse
1027 751 1115 827 esset,
1147 748 1262 832 quibus

147 881 227 943 quae
250 858 405 943 praesidio
430 857 604 941 Aeschyleo
629 856 780 922 destituta
803 860 893 921 erant
916 855 1167 921 defenderentur.
1200 855 1261 921 Sed

146 968 225 1032 haec
247 966 407 1032 hactenus.

604 1397 731 1508 Caput
758 1398 811 1481 II.

394 1553 448 1644 De
481 1549 748 1683 anapaesticis
780 1553 1023 1670 systematis.-

216 1835 419 1900 Pervenimus
442 1858 527 1901 nunc
550 1836 710 1902 adversus
732 1837 947 1920 anapaesticos
968 1836 1184 1917 illustrandos,
1208 1839 1264 1921 qni

149 1963 252 2026 neque
283 1941 387 2006 forma
418 1964 454 2007 ac
484 1945 645 2008 structura
676 1966 696 2007 a
723 1944 833 2008 ceteris
855 1942 972 2008 fabulis
994 1943 1176 2029 Aeschyleis
1198 1945 1265 2009 ulla

149 2072 187 2115 ex
210 2053 301 2133 parte
331 2048 452 2114 distant
483 2053 514 2113 et
536 2051 731 2135 argumentis
754 2052 949 2136 tragicorum
971 2051 1027 2117 illo
1050 2052 1192 2136 principe
1215 2052 1264 2118 vel

150 2157 325 2242 dignissimi
339 2160 422 2224 sunt.
459 2158 546 2233 Quae
568 2159 726 2224 sententia
748 2180 820 2223 cum
844 2158 913 2223 aliis
936 2159 1171 2243 comprobatur,
1195 2165 1265 2225 tum

148 2264 261 2349 quibus
284 2264 394 2329 fabula
417 2265 626 2345 concluditur,
660 2288 740 2350 quae
763 2264 931 2331 verborum
958 2267 1193 2353 magnificentia
1216 2288 1266 2331 re·

148 2394 281 2456 rumque
303 2354 461 2457 gravitate
484 2373 530 2437 ita
553 2374 721 2452 excellunt,
745 2379 782 2438 ut
804 2378 931 2457 poetam
960 2374 1137 2460 fulgentem
1161 2377 1193 2440 et
1214 2377 1265 2439 tc-

149 2483 278 2544 nantem
301 2478 406 2543 videre
426 2479 598 2544 videamur.
636 2479 789 2544 Attamen
813 2481 885 2560 fuit,
909 2483 964 2564 qui
986 2483 1070 2547 locos
1092 2479 1266 2570 nonnullos

149 2589 205 2650 aut
237 2590 402 2670 corruptos
433 2593 489 2652 aut
521 2586 561 2651 ab
583 2585 740 2671 Aeschylo
770 2587 992 2653 abiudiccndcs
1016 2588 1179 2653 offendisse
1201 2610 1266 2653 sese

149 2696 277 2776 putaret
309 2693 347 2758 R.
376 2693 538 2771 Klotzius,
572 2694 627 2777 qui
657 2694 691 2758 in
714 2694 871 2760 dissertat.
903 2718 935 2779 p.
961 2696 1012 2765 20.
1049 2695 1112 2778 (De
1134 2716 1266 2760 numero

152 2801 352 2884 anapaestico
376 2801 575 2884 quaestiones
598 2802 755 2880 metricae,
789 2801 876 2886 Lips.
902 2802 1001 2886 1869)
1032 2805 1095 2868 tres
1118 2803 1267 2869 dimetrcs

95 2907 98 2910 ’
151 2907 270 2986 attulit,
303 2907 337 2971 iu
361 2907 474 2991 quibus
497 2929 659 2976 caesuram
681 2909 867 2994 legitimam,
902 2932 982 2994 quae
1006 2912 1053 2976 est
1074 2911 1107 2976 iu
1130 2910 1267 2976 secunda

148 3014 238 3093 thesi,
272 3015 450 3099 neglectam
473 3016 674 3099 opinabatur.
720 3015 887 3102 Leguntur
917 3017 951 3082 in
981 3017 1096 3103 fragm.
1121 3019 1194 3084 202.
1218 3018 1265 3083 ed.

148 3121 256 3187 Herm.
287 3123 359 3187 192.
392 3121 487 3188 Dind.
520 3124 623 3209 λίμναν
645 3129 844 3210 πανιοτρόφον
866 3120 1030 3202 Αἰθιόπων,
1063 3124 1167 3192 Prom.
1195 3127 1265 3193 172.

148 3232 200 3291 καί
223 3223 319 3314 p'obrr
341 3229 548 3313 μελιγλώσσοις
571 3231 702 3310 πειθοῦς,
736 3232 810 3297 293.
841 3235 943 3312 γνώσει
965 3232 996 3296 δὲ
1017 3232 1081 3296 τάδ’
1110 3230 1152 3306 ὡς
1174 3231 1266 3319 ἔντιμ’,

151 3329 219 3397 οὐδὲ
241 3336 346 3419 μάτην.
383 3334 442 3400 sed
467 3334 505 3400 de
519 3336 649 3402 alterins
671 3337 733 3404 loci
754 3338 941 3422 integritate
964 3362 1061 3424 quam
1083 3340 1165 3404 nihil
1188 3343 1269 3405 esset

150 3460 261 3504 causae
292 3460 348 3505 cur
380 3440 604 3522 dubitaremus,
638 3445 790 3528 explicuit
819 3443 1022 3512 Hermannus
1053 3447 1143 3513 alem.
1168 3446 1267 3514 doctr.

150 3549 241 3613 metr.
264 3569 295 3630 p.
319 3546 394 3626 374,
419 3548 504 3632 quod
528 3551 658 3635 negavit
679 3551 713 3616 in
737 3551 880 3637 legitimo
903 3557 1074 3637 systemate
1097 3554 1268 3619 dimetrum

152 3653 296 3719 vitiosum
321 3675 386 3719 esse
408 3655 607 3734 censendum,
640 3658 667 3722 si
697 3658 827 3724 verbum
851 3662 1062 3745 compositum
1086 3661 1137 3726 ¹ita
1169 3661 1268 3727 collo·

151 3762 256 3824 catum
279 3761 454 3842 offerretur,
487 3767 525 3827 ut
546 3764 750 3831 commissura
781 3768 816 3830 in
841 3769 1012 3832 secundam
1034 3768 1139 3834 thesin
1163 3769 1212 3834 vel
1235 3769 1269 3834 in

151 3865 279 3932 brevem
299 3869 464 3952 syllabam,
489 3891 571 3952 quae
593 3877 667 3954 post
691 3894 760 3938 eam
784 3878 873 3953 esset,
906 3875 1068 3954 incideret,
1092 3899 1164 3942 cum
1187 3877 1269 3942 eius·

153 3974 239 4038 modi
262 3976 447 4042 vocabulum
473 3979 563 4061 quasi
586 4002 644 4063 pro
659 3979 780 4045 duobus
796 3987 883 4049 asset.
916 3983 1006 4059 Quod
1021 3982 1104 4048 idem
1117 3983 1269 4049 iudicium

151 4080 351 4146 referendum
383 4088 430 4148 est
462 4084 496 4149 in
525 4087 663 4169 primum
686 4087 801 4167 locum,
835 4111 928 4173 quem
952 4089 1124 4181 Lobeckius
1146 4092 1201 4168 ita,
1234 4097 1271 4156 ut

151 4188 300 4254 scriberet
324 4194 437 4256 πάντων
458 4197 565 4280 τρόφον
587 4195 743 4281 corrigere
765 4197 922 4264 studebat.
960 4197 999 4261 ln
1017 4198 1112 4263 tertio
1136 4197 1271 4282 denique

151 4295 221 4362 loco
244 4317 300 4360 cur
315 4295 459 4362 Klotzius
482 4303 556 4383 post
578 4299 620 4374 ὡς
643 4323 804 4368 caesuram
828 4325 892 4368 esse
915 4303 1064 4382 noluerit,
1087 4327 1154 4370 non
1171 4305 1269 4370 video.

152 4401 265 4488 Itaque
302 4425 374 4469 cum
411 4413 653 4487 anapaestomm
683 4411 895 4478 conformatio
933 4412 973 4478 ab
1005 4412 1180 4498 Aeschyleo
1212 4435 1270 4478 usu

1094 4520 1111 4573 2
