3134 4998
732 249 771 306 23

654 334 860 344 -.----.-

124 448 272 514 videtur
306 471 376 515 esse
406 451 555 516 insolens.
601 450 751 516 Scholion
775 450 913 532 denique
930 449 1111 514 Medioeum
1134 469 1198 533 quo
1221 449 1358 512 maxime

125 551 255 615 nititur
284 551 483 618 Kirchhoffii
512 554 711 633 coniectura,
740 553 863 618 nullam
891 552 991 618 habet
1017 552 1260 630 auctoritatem,
1284 552 1360 634 quia

93 642 96 647 ¹
128 655 341 720 mutilatum
363 662 413 720 est
434 677 473 720 ex
494 656 550 720 illo
571 656 702 737 scholio,
726 657 812 739 quod
833 676 914 721 rece.
930 654 1066 720 habent:
1089 649 1361 719 καταλελοίπασιν

124 754 189 845 τὴν
214 753 323 822 πόλιν
344 751 593 835 ἀκολουθοῦντες
615 763 660 845 τῶ
682 756 783 846 Ξέρξῃ
804 756 915 842 ὥσπερ
932 755 970 823 τὸ
992 760 1109 845 σμῆνος
1123 759 1187 821 τῶν
1202 756 1361 840 μελισσῶν

127 856 260 924 ἕπεται
297 861 343 946 τῶ
369 855 492 948 ἆρχηγῷ
518 856 632 925 αὐτῶν.
691 859 777 925 Nam
803 861 884 925 haec
914 860 1012 925 verba
1039 853 1288 935 ἀκολουθοῦντες
1316 863 1362 946 τῷ

128 959 261 1050 Ξέρξῃ,
294 983 377 1045 quae
403 964 436 1027 in
458 963 603 1029 Mediceo
629 964 710 1028 nihil
737 963 859 1028 habeut
887 985 950 1047 quo
978 962 1176 1044 referantur,
1204 963 1236 1027 in
1259 962 1359 1027 schol.

127 1089 200 1132 rec.
227 1066 355 1150 optime
376 1066 540 1151 pertinent
561 1065 603 1130 ad
624 1087 662 1130 ea
684 1088 768 1148 quae
791 1072 983 1149 sequuntur:
1008 1062 1119 1150 ῶσπερ
1139 1071 1197 1158 etc.
1240 1063 1360 1150 Quam·

130 1170 258 1234 obrem
283 1168 343 1233 hoc
367 1190 495 1253 quoque
512 1168 656 1251 exemplo
672 1167 837 1251 probatur,
861 1170 947 1252 quod
962 1170 1102 1235 ostendit
1119 1168 1360 1233 Heimsoethius

130 1295 175 1338 ea
209 1272 503 1350 commentatione,
531 1292 614 1354 quae
636 1270 824 1336 inscribitur
847 1272 906 1351 „de
927 1271 1053 1337 ratione
1076 1293 1159 1354 quae
1181 1269 1360 1335 intercedat

130 1377 228 1440 inter
254 1373 409 1458 Aeschyli
439 1373 561 1438 scholia
581 1373 729 1438 Medicea
757 1379 789 1438 et
818 1373 1023 1438 scholiastam
1046 1375 1109 1438 A.“
1135 1373 1255 1439 scholia
1277 1393 1359 1438 rece.

77 1485 81 1492 '
132 1500 206 1542 non
239 1498 313 1542 esse
341 1475 540 1559 amplificata
570 1497 587 1540 e
618 1476 747 1540 scholiis
777 1475 943 1558 Mediceis,
975 1475 1032 1540 sed
1060 1475 1189 1540 fluxisse
1221 1495 1238 1538 e
1271 1475 1359 1541 fonte

133 1580 341 1664 antiquiore,
365 1598 464 1661 eoque
488 1584 654 1642 contracto
678 1585 710 1643 ct
733 1585 883 1662 excerpto
905 1601 924 1643 a
945 1577 1078 1643 librario
1099 1578 1254 1643 Mediceo.

233 1681 302 1748 Sed
322 1680 493 1745 redeamus
517 1680 559 1746 ad
581 1681 688 1745 varias
711 1681 855 1745 codicum
877 1681 1049 1761 lectiones3
1074 1681 1242 1765 quaeritur
1264 1682 1358 1761 enim,

135 1784 232 1849 unde
264 1783 384 1848 codicis
410 1783 547 1849 Medioei
580 1784 762 1866 corruptela
790 1791 822 1847 et
851 1788 1031 1848 ceterorum
1060 1804 1187 1867 quoque
1215 1784 1358 1848 codicum

138 1887 298 1952 derivata
320 1887 363 1951 sit
384 1887 610 1970 discrepantia.
655 1886 736 1950 Mihi
759 1885 888 1968 quidem
909 1907 1097 1969 persuasum
1120 1893 1184 1966 est,
1208 1887 1305 1950 fuisse
1328 1888 1360 1953 in

137 1989 325 2073 archetypo
346 1988 514 2070 μελισσῶν,
537 2011 636 2072 supra
659 1987 823 2071 adscripto
846 2012 881 2068 a,
903 1993 1012 2071 potest
1032 1989 1116 2053 euim
1138 1989 1282 2071 cogitari,
1305 1996 1362 2052 aut

137 2093 327 2173 librarium,
352 2113 424 2157 cum
445 2090 604 2173 μελισσῶν
623 2090 736 2155 vitiose
759 2113 816 2174 per
838 2112 979 2156 errorem
1001 2091 1188 2174 scripsisset,
1212 2091 1321 2154 statim
1344 2106 1360 2154 e·

138 2197 242 2276 libre,
268 2217 332 2278 quo
356 2200 510 2274 uteretur,
533 2193 684 2258 mendum
699 2195 891 2271 correxisse,
915 2199 972 2259 aut
986 2199 1100 2277 postea
1115 2214 1135 2256 a
1150 2193 1360 2275 grammatico

141 2297 308 2380 quodam,
336 2305 374 2364 ut
397 2298 583 2362 restitueret
604 2295 741 2360 formam
765 2295 921 2375 doricam,
945 2320 966 2359 α
987 2294 1191 2359 interlineas
1213 2317 1282 2360 esse
1305 2296 1360 2360 ad-

652 2403 668 2431 (l

141 2451 263 2516 ditum.
311 2450 434 2535 Quare,
470 2451 497 2515 si
529 2409 689 2532 μελιίσῶν
722 2450 903 2514 exhibuisse
936 2450 1146 2533 archetypum
1179 2451 1359 2531 statuimus,

143 2553 245 2619 facile
274 2555 376 2619 omnis
404 2554 550 2619 lectionis
579 2554 720 2617 varietas
746 2558 854 2635 potest
876 2553 1037 2636 explicari.
1084 2551 1254 2616 Librarius
1276 2553 1360 2617 enim

144 2656 314 2721 Mediceus
342 2657 408 2722 sive
434 2679 491 2740 per
518 2657 761 2738 negligentiam,
792 2656 857 2720 sive
888 2655 974 2738 quod
1001 2657 1134 2742 σμνῆνος
1159 2654 1361 2737 intelligebat

144 2759 327 2824 alvearium
356 2761 484 2845 scripsit
505 2756 656 2841 μέλισσα,
683 2759 782 2824 ceteri
803 2756 992 2841 μελισσάων,
1015 2757 1183 2839 μελισσῶν,
1205 2756 1359 2837 μελισσᾶν

145 2868 351 2944 receperunt.

240 2963 351 3029 Pers.
377 2969 449 3030 150
472 2965 510 3028 ff.
533 2965 628 3048 vulgo
651 2963 806 3028 traditur:

437 3061 508 3132 ἀλλ’
533 3065 587 3154 ἥδε
608 3070 695 3130 θεῶν
716 3059 786 3129 ἴσον
808 3057 994 3149 ὀφθαλμοῖς

440 3166 524 3255 φάος
545 3164 683 3253 ὁρμᾶται
703 3166 805 3255 μήτηρ
825 3162 992 3248 βασιλέως,

437 3267 585 3354 βασίλεια
608 3267 640 3335 d'
664 3268 732 3358 ἐμή,
757 3263 960 3357 προσπίτνω.

149 3374 237 3440 Med.
271 3373 348 3438 Par.
380 3375 419 3439 L.
453 3374 495 3439 N.
527 3373 617 3440 Colb.
650 3379 664 3438 1
696 3380 805 3438 autem
835 3373 955 3437 hahent
985 3377 1058 3456 post
1089 3369 1282 3456 προσπίτνω
1310 3391 1362 3434 ex·

150 3478 358 3562 plicatiouem
374 3477 519 3543 additam
536 3479 715 3562 προσκυνῶ,
734 3475 820 3559 quod
837 3475 934 3539 ceteri
951 3496 1058 3539 omnes
1074 3481 1160 3540 recte
1176 3474 1361 3550 omiserunt,

152 3582 215 3646 nisi
244 3579 331 3664 quod
362 3580 395 3644 in
423 3580 490 3648 vit.
517 3580 607 3663 Lips.
638 3578 798 3662 glossema
828 3579 998 3663 προσκυνῶ
1025 3576 1067 3642 ad
1095 3571 1287 3663 apocalama
1315 3567 1363 3638 est

151 3705 250 3766 supra
271 3683 478 3768 adscriptum.
522 3680 732 3746 Manifestum
748 3685 797 3744 est
813 3682 845 3744 iu
862 3681 1036 3763 archetypo
1052 3680 1250 3764 adscriptum
1265 3676 1362 3741 fuisse

151 3787 471 3869 interpretamentum
495 3786 677 3869 προσκυνῶ,
700 3785 859 3866 glossema
882 3783 937 3846 alii
958 3783 992 3847 in
1014 3804 1139 3847 versum
1160 3784 1361 3863 receperunt,

153 3889 209 3953 alii
237 3888 429 3968 omiserunt,
458 3887 513 3952 alii
541 3885 680 3950 fideliter
706 3887 791 3950 inter
813 3866 914 3949 libeas
937 3885 1148 3949 retinuerunt.
1194 3879 1362 3947 Conclusit

152 3993 214 4057 iam
235 3990 456 4055 Weckleihius
472 3989 623 4074 (Studien
638 4011 677 4054 zu
692 3988 874 4070 Aeschylus
885 4009 916 4070 p.
933 3991 987 4066 ὅθ)
1004 4009 1043 4052 ex
1057 3988 1119 4052 hoc
1134 3986 1213 4064 loco,
1236 3982 1362 4048 codices

152 4115 234 4159 rece.
257 4113 321 4158 non
343 4091 520 4158 eMediceo
543 4092 599 4157 sed
621 4114 639 4156 e
661 4091 744 4156 libro
767 4091 941 4154 vetustiore
965 4111 1067 4173 eoque
1090 4089 1231 4154 omnium
1252 4086 1364 4151 arche·

151 4204 229 4282 typo
260 4217 329 4262 esse
357 4194 530 4275 derivatos,
557 4195 589 4259 iu
619 4217 684 4278 quo
711 4195 772 4259 hoe
793 4194 950 4276 glossema
973 4191 1116 4257 nondum
1136 4192 1170 4256 iu
1191 4189 1362 4256 verborum

151 4299 397 4366 continuitatem
418 4299 608 4382 irrepsisset.
653 4297 715 4362 Oui
737 4296 886 4378 opposuit
908 4295 1061 4375 Sorofius,
1084 4295 1238 4378 glossam,
1262 4314 1359 4376 quam

152 4425 251 4488 supra
281 4396 472 4487 προσπίτνω
499 4400 688 4465 exhiberent
716 4399 784 4465 Vit.
812 4397 918 4481 Lips,
951 4419 1015 4461 non
1045 4418 1084 4460 ex
1114 4394 1247 4477 antiquo
1277 4395 1370 4465 libro¹

152 4527 222 4572 esse
253 4504 398 4586 ductam,
430 4503 486 4568 sed
518 4511 575 4566 aut
606 4524 623 4567 e
654 4502 756 4567 lexico
788 4501 896 4582 aliquo
927 4505 1103 4588 sumptam,
1134 4504 1192 4564 aut
1225 4519 1264 4562 ex
1293 4497 1363 4582 ipso
