3134 4998
846 337 891 404 20

309 532 488 614 systematis
520 531 685 597 continent
712 533 951 597 cousideremns.
999 533 1106 597 Etiam
1139 533 1252 596 harum
1285 531 1426 614 partium

309 639 413 722 impar
435 639 577 704 colorum
599 661 748 704 numerus
770 640 966 723 responsioni
990 661 1169 724 repugnare
1192 639 1323 704 videtur.
1362 639 1425 704 At-

207 807 209 818 ,
308 745 473 810 tamenin
496 769 524 809 v.
550 747 600 812 99.
625 748 697 828 post
719 751 850 833 στενάχω
882 750 987 812 totum
1011 747 1180 812 dimetrum
1210 748 1349 813 exsulare
1372 746 1426 811 de·
1553 777 1554 784 ν

308 853 478 917 monstrari
501 874 590 936 posse
613 853 747 920 confido.
791 853 864 918 Iura
887 855 971 919 enim
994 877 1144 938 quaerere
1167 854 1320 932 videmur,
1349 853 1426 937 quid

225 954 228 974 ¹
308 982 420 1026 causae
454 959 560 1038 fuerit,
592 982 650 1025 cur
671 961 879 1026 Prometheus
911 984 947 1027 eo
976 962 1201 1046 desperationis
1224 963 1356 1039 veniret,
1389 966 1426 1025 ut

308 1069 514 1132 exclamaret:

787 1169 829 1244 πῆ
851 1179 920 1221 ποτε
943 1160 1070 1245 μόχθων

626 1267 687 1349 χρὴ
710 1268 838 1350 τέρματα
860 1265 941 1329 τῶνδ’
966 1264 1109 1329 ἐπιτεῖλαι.

377 1407 423 1472 Dc
443 1405 561 1472 duritia
580 1407 666 1472 enim
680 1405 763 1471 Iovis
782 1408 909 1492 eiusque
923 1407 994 1472 odio
1009 1407 1202 1492 implacabili
1216 1411 1309 1473 antea
1322 1430 1425 1474 sermo
1553 1417 1554 1472 ξ

307 1537 372 1580 non
396 1514 511 1581 fuerat.
557 1514 669 1599 Neque
691 1515 792 1579 conici
814 1519 928 1599 potest,
959 1517 1056 1602 egisse
1079 1522 1216 1600 poetam,
1245 1521 1281 1580 ut
1302 1521 1426 1600 specta-

307 1625 391 1688 tores
414 1643 541 1686 causam
564 1623 710 1686 omissam
733 1623 925 1707 cogitatione
956 1624 1017 1708 ipsi
1043 1624 1103 1689 sibi
1129 1626 1321 1708 supplerent.
1368 1623 1426 1689 Oui

307 1729 482 1795 sententiae
506 1730 555 1793 vel
578 1704 714 1794 marinio
738 1729 843 1794 obstat
869 1751 971 1794 sermo
994 1731 1087 1795 huius
1111 1731 1246 1809 fabulae,
1280 1732 1426 1815 quinon

306 1839 410 1901 solum
441 1837 510 1901 fuse
541 1837 668 1921 lateque
696 1837 802 1902 omnia
816 1825 965 1920 'exponit
997 1836 1050 1902 sed
1083 1838 1179 1901 etiam
1210 1838 1353 1921 exposita
1385 1837 1424 1902 ad

305 1945 484 2012 satietatem
508 1966 606 2028 usque
628 1945 744 2009 iterum
766 1945 943 2036 iterumque
966 1946 1092 2028 repetit.
1135 1945 1223 2022 Quae
1246 1946 1425 2010 coniectura

306 2057 424 2131 nostra,
457 2073 520 2134 qna
551 2050 699 2116 excidisse
727 2052 875 2136 augurati
898 2073 1005 2116 sumus
1033 2051 1211 2130 dimetrum,
1246 2075 1309 2136 quo
1332 2074 1424 2117 causa

305 2159 390 2223 illius
413 2158 651 2222 exclamationis
670 2162 702 2222 et
723 2157 949 2241 desperationis
963 2180 1107 2241 expressa
1122 2158 1229 2238 fuerit,
1254 2159 1424 2242 probabilis

305 2267 343 2330 fit
366 2266 483 2331 collata
506 2264 594 2330 chori
617 2265 817 2348 antistropho
841 2264 915 2328 inde
938 2289 956 2330 a
980 2288 1028 2330 vv.
1055 2265 1244 2332 183-185:

838 2399 881 2453 πᾶ
903 2411 972 2453 ποτε
993 2391 1080 2455 τωνδε
1103 2396 1198 2456 πόνων

489 2503 550 2584 χρή
573 2519 605 2561 σε
627 2502 718 2584 τέρμα
740 2498 873 2561 κέλσαντ’
898 2495 1007 2562 ἐσιδεῖν·
1032 2496 1163 2584 ἀκίχητα
1186 2500 1241 2581 γὰρ

837 2603 917 2688 ἤθεα
939 2609 992 2669 καὶ
1014 2611 1087 2690 κέαρ

487 2710 684 2797 άπαράμοθσν
705 2709 767 2796 ἔχει
789 2709 904 2796 Κράνοο
926 2723 1004 2784 ταῖς.

372 2857 481 2922 Talem
494 2857 520 2919 si
535 2854 784 2939 suppleverimus
798 2856 998 2933 sententiam,
1018 2858 1145 2941 qualem
1163 2856 1284 2921 addidit
1297 2856 1420 2934 chorus,

306 2964 418 3028 duram
450 2963 544 3027 simul
577 2963 815 3028 enuntiatorum
847 2962 996 3028 tollemus
1028 2964 1292 3041 coniunctionem,
1325 2984 1423 3045 quam

305 3072 369 3136 iam
393 3069 608 3135 Weckleinius
631 3070 736 3148 sensit,
761 3069 845 3153 quod
868 3069 1057 3134 adnotabat:
1083 3075 1214 3157 στενάχω
1237 3081 1278 3152 πῆ
1302 3068 1422 3152 gleich-

304 3201 372 3242 sam
397 3177 521 3256 „seufzc
543 3177 593 3241 bei
613 3177 668 3242 der
683 3177 915 3262 Ueberlegung‚
940 3178 1029 3242 wic“.
1067 3177 1125 3241 His
1139 3178 1326 3261 praemissis,
1351 3177 1422 3261 qui-

304 3287 363 3351 bus
394 3269 537 3350 nostram
568 3286 746 3370 systematis
778 3284 967 3349 emendandi
994 3285 1148 3348 rationem
1174 3285 1420 3368 explanavimus,

304 3392 453 3476 strophae
477 3395 509 3456 et
531 3392 725 3476 antistrophi
748 3397 873 3476 partem
896 3393 1030 3456 alteram
1052 3415 1090 3456 cx
1113 3391 1242 3456 adverso
1266 3413 1421 3474 ponamus

304 3499 427 3565 uncinis
458 3499 586 3564 inclusis
617 3500 664 3578 iis,
698 3521 778 3583 quae
807 3498 941 3563 dimetro
971 3520 1115 3583 expressa
1138 3498 1233 3563 fuisse
1256 3499 1421 3563 verisimile

305 3611 360 3685 est,
400 3629 593 3691 quamquam
629 3612 665 3671 ut
701 3629 738 3672 ea
774 3607 842 3690 ipsa
874 3605 969 3670 verba
1002 3629 1021 3670 a
1053 3609 1148 3690 poeta
1183 3603 1326 3689 profecta
1358 3628 1422 3670 esse

305 3714 481 3778 existimem
504 3714 641 3778 multum
664 3714 766 3778 abest:
1102 3713 1107 3718 “

411 3863 440 3908 v.
464 3841 515 3906 98.
540 3849 593 3926 φεῦ
617 3849 680 3926 φεῦ,
703 3843 735 3902 τὸ
759 3842 853 3922 παρὸν
873 3843 906 3902 τό
928 3837 1149 3924 τ’ἐπερχόμενον

538 3959 624 4032 πῆμα
647 3951 788 4032 στενάχω,
814 3946 937 4032 [τραχὺν
955 3949 1015 4030 γὰρ
1038 3944 1100 4031 ἐχει

540 4059 629 4141 φρένα
650 4052 721 4126 Ζεὺς
743 4053 902 4137 optram]
927 4065 969 4139 πῆ
991 4073 1061 4116 ποτε
1084 4053 1211 4138 μόχθων

539 4165 599 4248 χρὴ
623 4166 750 4247 τέρματα
772 4160 854 4225 τῶνδ’
879 4157 1022 4223 ἐπιτεῖλαι.

445 4288 517 4353 124.
540 4295 593 4374 φεῦ
617 4295 680 4373 φεῦ,
703 4291 729 4349 τί
751 4286 814 4349 ποτ’
838 4281 877 4348 αδ
898 4286 1060 4371 κινάθισμα
1082 4286 1171 4349 πλέω.

453 4421 455 4426 ·
538 4395 632 4466 πέλας
654 4391 778 4470 ciorum
802 4389 906 4478 αἰθὴρ
920 4391 1090 4480 δ’ἐλαρραῖς
