3134 4998
851 253 873 323 4

897 349 966 356 -—-

258 471 317 546 est,
339 463 486 550 spurium
508 485 577 530 esse
599 463 689 530 illum
712 487 847 547 versum,
871 487 967 548 quern
986 485 1067 530 rece.
1085 462 1218 529 addunt.
1264 461 1331 529 Sed
1345 462 1499 526 minime

258 569 334 635 inde
363 575 470 653 potest
497 568 621 650 colligi,
652 567 739 652 quod
766 569 836 634 vult
863 567 1065 648 Dindorfius,
1096 565 1188 632 codd.
1211 587 1293 632 rece.
1324 587 1344 630 a
1367 564 1499 630 codice

257 672 404 739 Mediceo
426 693 495 738 esse
517 672 687 736 derivatos.
731 671 847 736 Potest
870 673 954 736 enim
978 692 1017 736 ea
1037 671 1165 751 lacuna,
1190 691 1289 754 quam
1310 668 1499 734 Mediceus

259 775 403 856 exhibet,
432 774 531 839 foisse
553 774 586 838 in
609 773 691 839 libro
714 774 817 840 multo
840 777 1028 855 vetustiore,
1057 793 1161 857 neque
1188 773 1367 856 quidquam
1389 772 1499 854 cogit

259 899 327 960 nos,
350 884 388 943 ut
410 897 480 942 sam
505 897 522 942 e
543 876 688 942 Mediceo
713 899 781 943 esse
802 877 995 942 translatam
1013 878 1046 941 in
1062 876 1155 941 codd.
1170 897 1252 940 rece.
1269 874 1497 940 arbitremur.
1540 889 1541 940 ἰ

345 979 442 1064 Quod
469 1000 546 1045 verr»
574 980 739 1045 contendit
760 979 965 1060 DindorfiuS,
993 1001 1121 1045 versum
1141 978 1234 1043 illum
1257 979 1498 1044 adulterinum
1540 981 1541 1032 l

257 1104 296 1149 eo
326 1084 458 1150 consilio
489 1104 557 1148 esse
586 1104 606 1148 a
633 1083 843 1166 grammatico
868 1082 1052 1166 Byzantino
1080 1084 1251 1162 insertum,
1283 1087 1321 1145 ut
1346 1082 1497 1146 tolleret

258 1186 384 1252 hiatum
406 1186 595 1265 sententiae,
619 1186 707 1251 nullo
731 1185 826 1251 modo
849 1193 898 1252 est
919 1186 1103 1270 probabile3
1126 1207 1230 1268 neque
1253 1185 1339 1249 enim
1360 1184 1433 1264 ille,
1464 1186 1497 1248 si
1540 1263 1541 1270 ἵ

257 1289 349 1354 hiare
382 1290 561 1354 orationem
592 1289 885 1370 animadvertisset,
916 1289 1002 1355 hunc
1029 1289 1205 1354 absurdum
1235 1309 1364 1352 versum
1393 1294 1496 1351 esset
1540 1311 1541 1328 ι

259 1400 470 1474 commentus,
509 1414 573 1476 quo
609 1392 688 1458 nihil
721 1393 906 1477 corruptela
939 1397 1074 1457 sanatur
1106 1391 1209 1477 (quod
1238 1390 1492 1455 Weckleinius:
1540 1395 1541 1486 y

259 1493 397 1560 Studien
419 1517 459 1559 nu
474 1495 656 1586 Aeschylus
671 1517 703 1578 p.
720 1500 761 1560 60
777 1516 905 1580 quoque
921 1493 1026 1580 vidit).
1072 1493 1219 1576 Cogitari
1242 1499 1353 1558 autem
1368 1499 1493 1577 potest

258 1597 291 1661 in
327 1598 487 1662 communi
522 1599 665 1663 omnium
702 1598 859 1664 librorum
892 1599 1069 1680 archetypo
1109 1603 1167 1662 aut
1199 1596 1387 1677 librarium,
1422 1598 1491 1680 qui
1540 1601 1541 1632 ι

259 1699 460 1766 intercidisse
497 1701 656 1785 quaedam
692 1700 833 1783 videret,
876 1722 1014 1766 vacuum
1055 1701 1150 1764 unius
1186 1720 1298 1764 versus
1335 1702 1490 1783 spatium

259 1803 438 1886 reliquisse,
462 1811 520 1870 ant
541 1805 606 1870 situ
627 1805 679 1870 vel
701 1805 876 1870 atramenti
891 1804 1019 1869 macula
1034 1823 1161 1868 versum
1177 1823 1246 1868 esse
1262 1803 1486 1884 exstinctum3
1540 1859 1541 1922 y

259 1905 308 1971 ita
335 1907 419 1972 euim
448 1909 555 1993 potuit
581 1907 666 1988 fieri,
696 1914 733 1972 ut
754 1907 906 1973 librarius
929 1906 1094 1972 Mediceus
1117 1907 1279 1986 lacunam,
1311 1928 1397 1990 quae
1419 1907 1489 1973 luit
1540 1985 1541 1990 γ

260 2010 293 2074 in
322 2009 498 2095 archetypo
523 2010 680 2091 iudicata,
709 2011 899 2094 negligeret,
930 2009 1160 2094 grammaticus
1187 2015 1295 2074 autem
1317 2013 1488 2076 recentior

260 2132 332 2177 eam
365 2111 528 2177 subditivo
561 2112 617 2176 illo
650 2133 745 2177 versu
776 2112 905 2195 explere
938 2111 1093 2177 studeret.
1145 2111 1353 2196 Quamquam
1387 2114 1484 2178 initio

260 2213 340 2279 mihi
362 2235 489 2298 quoque
510 2235 613 2298 paene
635 2215 833 2298 persuasisse
849 2213 1064 2295 Dindorfium,
1087 2237 1128 2280 ne
1151 2236 1210 2297 ego
1232 2214 1365 2297 quidem
1386 2239 1478 2300 nego,

260 2324 433 2402 propterea
456 2318 542 2402 quod
565 2339 644 2383 casu
666 2318 779 2398 evenit,¹
802 2324 839 2382 ut
859 2316 914 2381 ille
936 2317 1005 2399 ipse
1028 2339 1138 2384 versus
1159 2323 1233 2400 post
1248 2338 1345 2401 quem
1361 2319 1480 2384 lacuna

261 2425 310 2485 est
338 2421 528 2502 statuenda,
560 2423 594 2486 in
624 2421 732 2486 codice
760 2420 906 2486 Mediceo
937 2420 971 2484 iu
998 2419 1061 2484 fine
1090 2421 1228 2505 paginae
1256 2421 1298 2484 sit
1329 2423 1481 2506 scriptus

260 2523 372 2588 Possit
394 2524 478 2588 enim
500 2525 619 2607 putari,
640 2522 810 2589 librarium
833 2523 951 2588 codicis
966 2522 1115 2603 Medicei,
1139 2543 1210 2587 curn
1232 2523 1265 2586 in
1281 2522 1350 2588 eius
1367 2525 1483 2588 arche·
1540 2575 1541 2616 μ

260 2631 338 2710 typo
359 2626 485 2710 integra
507 2628 676 2691 etiamtum
694 2631 858 2691 exstarent
873 2625 1029 2708 Aeschyli
1043 2625 1150 2706 verba,
1173 2647 1232 2709 per
1246 2627 1482 2708 negligentiam
1540 2637 1541 2716 l

260 2750 360 2794 unum
376 2751 513 2810 versum,
530 2750 624 2812 quem
640 2751 673 2793 se
689 2729 802 2792 iamin
818 2728 1024 2811 praecedenti
1039 2729 1158 2811 pagina
1173 2748 1322 2792 exarasse
1337 2735 1481 2812 putaret,
1540 2737 1541 2742 ’

262 2833 421 2914 omisisse3
444 2833 556 2916 itaque
578 2831 698 2896 lactum
722 2852 799 2913 esse,
821 2837 859 2895 ut
880 2831 993 2894 vitium
1016 2851 1036 2893 a
1057 2830 1189 2895 librario
1203 2830 1351 2896 Medioeo
1375 2833 1482 2915 primo

260 2935 453 3018 admissum,
476 2935 509 3000 in
533 2955 641 2999 omnes
665 2934 789 2999 codices
808 2935 1004 2998 recentiores
1028 2955 1044 2998 e
1067 2933 1213 2998 Mediceo
1235 2935 1479 3021 transferretur.

262 3037 419 3104 Attamen
449 3037 530 3104 nihil
555 3036 704 3120 impedit,
735 3037 906 3119 quominus
928 3037 1048 3100 iamin
1070 3036 1245 3118 archetypo
1267 3042 1341 3118 post
1364 3059 1394 3100 v.
1421 3040 1477 3102 175

260 3141 422 3222 quaedam
451 3140 606 3206 excidisse
634 3145 827 3219 statuamus3
860 3140 978 3206 etenim
1000 3160 1072 3202 oum
1094 3138 1216 3202 multae
1237 3137 1374 3203 lacunae
1399 3139 1482 3203 anti-

261 3245 369 3326 quitus
392 3244 516 3310 lateant
538 3245 570 3308 in
595 3243 749 3326 Aeschyli
771 3241 898 3322 fabulis,
922 3262 987 3306 non
1010 3248 1059 3306 est
1079 3239 1278 3321 mirandum,
1302 3241 1390 3323 quod
1416 3263 1481 3304 una

261 3365 370 3410 earum
392 3345 424 3410 iu
448 3346 556 3412 codice
579 3344 725 3410 Medioeo
747 3344 831 3409 forte
852 3344 967 3409 incidit
988 3344 1020 3407 in
1043 3344 1139 3410 finem
1161 3343 1309 3428 paginae.

346 3447 464 3516 Cetera
491 3454 616 3528 autem,
647 3469 730 3530 quae
758 3447 868 3511 attulit
889 3447 1079 3512 Dindorfius
1107 3446 1253 3530 exempla
1274 3467 1314 3510 ne
1337 3449 1480 3530 speciem
1540 3459 1541 3538 J

260 3551 390 3634 quidem
412 3551 533 3618 habent
554 3549 803 3634 probabilitatis

345 3651 453 3738 Sept.
477 3657 520 3718 78
542 3653 662 3735 legitur
683 3653 716 3718 in
740 3653 809 3718 cod.
832 3653 917 3719 Med.
1540 3683 1541 3736 3

342 3753 481 3840 θρέομαι
503 3753 626 3844 φοβερὰ
647 3752 755 3841 μεγάλ’
780 3751 849 3845 ἄχη.
877 3775 952 3841 ·pro
974 3752 1112 3842 θρέομαι
1134 3753 1279 3838 plerique
1303 3751 1396 3816 codd.
1422 3773 1475 3816 ex·
1540 3807 1541 3842 ,

258 3857 371 3924 hibent
397 3861 554 3942 θρεῦμαι,
587 3859 643 3923 sed
669 3857 808 3946 θρέομαι
835 3881 906 3924 cum
935 3861 1044 3924 codice
1071 3857 1216 3922 Mediceo
1239 3855 1308 3924 Vit.
1331 3854 1409 3918 Par.
1433 3854 1475 3919 Β.

258 3963 398 4048 &pulpos
420 3961 508 4045 Aug.
552 3961 678 4026 Deinde
699 3984 758 4045 pro
781 3957 888 4047 μεγάλ’
913 3957 986 4049 ἄχη,
1017 3960 1103 4046 quod
1134 3965 1182 4025 est
1209 3959 1242 4022 in
1265 3957 1350 4023 Med.
1379 3955 1474 4038 Lips.
1540 3963 1541 3968 ’

258 4064 325 4129 Par
347 4063 403 4145 B.,
434 4065 530 4129 ceteri
561 4063 718 4146 praebent
737 4062 860 4150 μεγάλα
881 4060 913 4128 r'
939 4060 998 4151 ἄχη
1020 4067 1152 4145 excepto
1175 4059 1330 4128 Cantabr.
1357 4063 1389 4140 1,
1418 4061 1474 4142 qui
1540 4107 1541 4112 ι

259 4165 357 4233 habet
379 4163 502 4249 μεγάλα
524 4161 593 4254 dixq.
1540 4233 1541 4248 ,

342 4267 498 4334 Affirmat
513 4267 713 4349 Dindorfius,
736 4269 857 4332 variam
873 4268 1045 4334 lectionem
1057 4270 1197 4355 θροῦμαι
1213 4261 1335 4354 φοβερὰ
1348 4261 1472 4348 μεγάλα
1540 4281 1541 4332 ξ

257 4367 284 4435 τ’
314 4367 374 4458 ἄχη
408 4371 637 4454 interpolatam
671 4393 740 4436 esse
777 4393 798 4435 a
833 4372 1044 4453 grammatico
1078 4370 1270 4460 recentiore,
1303 4373 1340 4431 ut
1371 4371 1469 4430 tetra·
1540 4383 1541 4454 y

256 4474 387 4557 podiam
425 4471 568 4538 efficeret
606 4475 790 4554 iambicam
828 4479 861 4537 et
895 4471 1040 4556 profecto
1074 4467 1182 4556 payol'
1217 4465 1278 4555 ἔχη
1311 4491 1387 4533 vera
1420 4475 1468 4532 est
1540 4467 1541 4498 ³
