3134 4998
236 1202 349 1318 Hisce
376 1245 523 1311 omnihus
549 1246 642 1328 loois,
673 1269 746 1314 oum
775 1245 922 1310 meliores
948 1265 1045 1328 quam
1069 1244 1213 1310 Medicus
1236 1243 1362 1310 codices

150 1352 345 1418 recentiores
360 1349 538 1432 praebeant
551 1351 714 1434 lectiones,
738 1371 801 1415 non
817 1349 1027 1414 coniectando
1044 1350 1201 1432 inventas,
1225 1357 1363 1432 apparet

152 1453 295 1518 codicem
326 1454 368 1517 A.
399 1453 580 1518 derivatum
613 1476 682 1520 esse
714 1475 731 1520 e
762 1452 850 1518 fonte
882 1451 965 1516 libro
996 1451 1142 1517 Mediceo
1175 1454 1360 1518 vetustiore.

153 1554 302 1639 Longum
324 1560 381 1633 est,
406 1576 515 1620 omnes
536 1556 623 1622 locos
639 1577 837 1636 enumerare,
860 1554 915 1618 ubi
931 1556 1201 1638 praestantiorem
1216 1555 1363 1620 Mediceo

152 1656 321 1722 lectionem
349 1679 431 1732 rece.
458 1658 649 1742 praebeant,
679 1681 751 1724 oum
776 1657 1063 1741 locupletissimum
1088 1658 1226 1724 indicem
1259 1680 1364 1724 emen·

153 1760 318 1826 dationum
348 1782 368 1826 a
392 1781 474 1825 reoo.
495 1759 656 1826 factarum
678 1760 868 1843 Dindorfips
890 1767 922 1825 et
945 1758 1090 1826 Sorofius
1112 1762 1360 1846 composuerint.
1461 1817 1463 1820 ,

152 1861 267 1929 Potest
289 1863 420 1946 quidem
447 1865 583 1946 cogitari
610 1864 705 1930 modo
727 1863 817 1943 vitia,
849 1885 932 1946 quae
955 1884 992 1927 ex
1015 1863 1190 1948 archetypo
1213 1864 1364 1929 librarius

152 1965 268 2029 codicis
298 1965 434 2030 Medioei
459 1967 631 2050 reciperet,
662 1968 846 2033 coniectura
872 1986 994 2054 areoc.
1018 1986 1085 2030 esse
1108 1972 1241 2049 sanata,
1269 1967 1364 2032 modo

156 2089 263 2132 veram
285 2068 468 2150 lectionem,
496 2089 569 2134 oum
597 2069 782 2152 corruptela
805 2075 946 2135 exstaret
968 2069 1000 2132 in
1023 2067 1133 2134 codice
1155 2068 1300 2136 Mediceo
1326 2091 1364 2134 ex

156 2170 331 2254 archetypo
354 2191 423 2235 esee
446 2172 591 2254 petitam.
616 2210 656 2220 -

237 2274 348 2356 Atque
370 2279 407 2338 ut
429 2275 463 2338 in
483 2280 626 2340 extrema
647 2273 924 2340 commentationis
939 2279 1032 2356 parte
1047 2275 1187 2340 breviter
1202 2273 1361 2356 colligam,

153 2394 235 2456 quae
258 2374 394 2438 disserui
418 2376 457 2440 de
480 2377 625 2441 codicum
648 2378 863 2442 recentiorum
885 2378 1095 2452 auctoritate:
1124 2374 1181 2441 illa
1204 2376 1358 2460 exempla,

152 2475 269 2559 quibus
300 2475 553 2558 demonstratur,
585 2499 693 2544 ueram
725 2479 881 2562 Aeschyli
908 2500 1053 2559 manum,
1090 2478 1299 2564 depravatam
1330 2478 1363 2542 in

151 2579 261 2644 codice
282 2577 438 2660 Mediceo,
460 2602 480 2645 a
500 2580 634 2646 librario
658 2581 775 2646 codicis
797 2581 840 2646 A.
865 2603 904 2646 ex
922 2581 1097 2665 archetypo
1114 2603 1183 2646 esse
1198 2582 1359 2662 haustam,

151 2703 264 2747 vereor
290 2688 327 2748 ut
351 2683 568 2766 persuadeant
594 2685 795 2750 adversariis.
840 2683 927 2749 Nam
954 2684 1109 2750 lectiones
1132 2684 1359 2762 recentiorum,

152 2806 232 2867 quas
255 2787 498 2851 commemoravi
521 2808 541 2851 a
562 2788 672 2852 codice
693 2787 838 2852 Mediceo
862 2787 1014 2868 diversas,
1038 2793 1095 2852 aut
1117 2809 1181 2851 non
1202 2786 1363 2868 rccipiunt

153 2886 209 2968 illi,
234 2892 292 2952 aut
313 2888 478 2972 ingeniose
501 2896 662 2956 correctas
685 2911 753 2955 esse
776 2911 793 2954 e
813 2890 937 2954 mendis
954 2889 1072 2954 codicis
1089 2888 1226 2954 Medioei
1243 2887 1362 2953 dicunt.

152 2987 376 3056 Kirohhoifius
399 2993 529 3076 quidem
550 2993 660 3058 Prom.
676 3015 704 3056 r.
723 2997 773 3058 20.
790 2997 851 3056 383
874 2997 1067 3074 aspernatur
1089 2991 1234 3056 codicum
1256 3011 1365 3056 recen-

153 3092 278 3157 tiorum
300 3094 453 3159 lectiones
477 3093 573 3182 πάγῳ
594 3102 627 3160 et
649 3097 910 3182 προμηθεῖσθαις
939 3101 971 3158 et
993 3094 1194 3175 Dindordus,
1218 3094 1362 3176 quamuis

154 3196 277 3260 incuset
299 3199 489 3262 correctoris
511 3198 683 3281 Byzantini
706 3197 939 3280 stupiditatem,
961 3203 1070 3262 tamen
1092 3198 1133 3262 ab
1158 3218 1195 3262 eo
1211 3218 1228 3261 e
1246 3196 1365 3262 scholio

155 3296 210 3381 (de
232 3319 294 3379 quo
316 3321 347 3382 p.
365 3304 405 3362 30
429 3307 479 3367 est
500 3300 716 3386 disputatum)
740 3301 869 3383 egregia
890 3301 1066 3382 sagacitate
1089 3300 1274 3365 restitutam
1298 3319 1365 3364 esse

155 3398 310 3483 Aeschyli
338 3423 466 3467 menum
494 3405 740 3490 προμηθεῖσθαι
768 3402 924 3467 concedit.
970 3402 1035 3470 Sed
1062 3402 1219 3486 quidquid
1246 3402 1286 3467 de
1314 3402 1365 3467 his

153 3502 232 3566 locis
265 3511 430 3586 censetur,
465 3507 644 3570 certissima
677 3511 752 3570 sunt
780 3526 819 3569 ea
848 3505 1048 3585 testimonia,
1084 3505 1201 3588 quibus
1228 3505 1365 3586 ostendi,

155 3606 353 3688 corruptelas
375 3608 550 3693 archetypi,
573 3629 644 3673 cum
665 3606 882 3691 interpolandi
897 3629 1009 3672 ausam
1024 3609 1217 3691 praeberent
1231 3608 1364 3673 librario

157 3705 317 3791 Mediceo,
345 3711 487 3793 integras
508 3733 528 3776 a
550 3711 784 3776 recentioribus
813 3732 881 3776 esse
895 3723 896 3728 ’
909 3719 1065 3795 receptas.
1111 3710 1203 3795 Quae
1226 3732 1298 3775 cum
1319 3712 1366 3776 ita

159 3811 235 3892 sint,
258 3813 497 3879 assentiendum
519 3820 568 3879 est
590 3812 814 3878 Heimsoethio
837 3819 869 3877 et
890 3813 1104 3895 Weckleinio,
1127 3815 1182 3895 qui
1203 3814 1268 3878 iam
1290 3821 1365 3879 ante

153 3911 277 3995 aliquot
299 3934 400 3980 annos
423 3917 548 3982 codices
570 3937 652 3981 recc.
677 3937 745 3980 esse
769 3915 931 3981 derivatos
954 3938 971 3980 e
994 3917 1076 3982 libro
1092 3915 1202 3981 codice
1217 3917 1364 3982 Mediceo

153 4017 326 4081 vetustiore
341 4027 526 4100 posuerunt.
570 4018 641 4084 Nec
655 4026 763 4084 tamen
780 4017 902 4084 frustra
917 4019 997 4084 haec
1013 4041 1082 4084 esse
1098 4041 1117 4083 a
1132 4041 1182 4085 me
1200 4018 1366 4104 disputata

153 4119 279 4202 opinor,
314 4121 390 4202 quia
421 4121 468 4186 illi
498 4145 547 4187 vv.
579 4123 609 4187 d.
641 4123 670 4188 d.
703 4144 767 4186 non
796 4128 865 4187 tam
896 4122 1112 4186 exhauserunt
1145 4123 1229 4188 hano
1260 4128 1364 4188 totam

152 4223 390 4304 quaestionem,
428 4246 526 4306 quam
562 4227 740 4307 attigerunt
773 4224 946 4289 admodum
982 4226 1094 4309 paucis
1131 4225 1238 4290 allatis
1274 4225 1363 4307 locis,

152 4343 232 4404 quos
247 4345 319 4389 cum
334 4326 461 4391 silentio
477 4329 692 4409 praeterirent
707 4327 869 4392 novissimi
882 4326 1030 4407 editurae,
1046 4327 1205 4392 refutasse
1220 4327 1365 4396 Sorofius

153 4425 214 4490 sibi
238 4433 288 4491 est
311 4429 405 4492 visua.
