3134 4998
757 357 778 422 9

207 576 298 620 saum
323 553 396 632 742,
422 552 495 632 745,
520 553 599 630 9233
624 551 782 642 ἀπόμησον
804 577 832 620 v.
859 553 931 633 749,
957 547 1252 638 1111111191.
1277 545 1320 618 17.

207 665 353 749 Rumpel.
378 664 492 730 Philol.
517 664 616 742 XXV,
644 688 676 748 p.
701 666 752 730 61.
786 664 902 742 XXIV,
937 688 968 749 p.
993 665 1068 740 416,
1102 660 1156 725 ubi
1189 659 1322 724 collecta

178 755 281 836 'sunt
304 773 447 856 exempla
470 771 649 855 lluripidea,
675 795 756 856 quae
778 772 885 837 omnia
906 777 982 836 sunt
1005 767 1119 854 viginti
1143 767 1214 833 duo.

261 879 382 946 ldxaota
396 883 638 964 anapaestorum
653 881 687 945 in
701 881 793 946 initio
808 898 952 946 versuum
968 879 1177 944 admissorum
1191 883 1321 940 enume-

207 988 330 1053 ratione
352 1009 509 1072 perpauca
532 1009 601 1052 sum
629 986 801 1054 additurus.
853 986 933 1052 Cum
963 987 1048 1052 enim
1080 980 1253 1068 Aeschylus
1284 981 1317 1045 in

207 1093 244 1158 iis
267 1095 433 1173 vocabulis,
459 1117 540 1180 quae
563 1095 741 1180 anapaestis
763 1094 858 1160 semel
881 1117 1006 1160 mensus
1034 1096 1116 1171 erat,
1145 1087 1322 1175 repetendis

206 1223 329 1285 semper
352 1223 531 1267 mensuram
554 1188 786 1287 anapaesticem
809 1202 982 1279 retinuerit,
1007 1201 1084 1285 quin
1113 1201 1207 1266 etiam
1240 1219 1321 1261 non-

207 1309 311 1387 nullis,
345 1309 459 1393 quibus
491 1310 586 1374 etiam
618 1311 652 1375 in
683 1309 861 1396 systematis
893 1309 1100 1392 anapaesticis
1131 1305 1218 1371 haud
1249 1323 1321 1367 raro

206 1439 279 1481 usus
302 1421 358 1496 est,
382 1417 464 1482 hanc
486 1417 588 1501 ipsam
615 1418 751 1483 formam
779 1418 868 1502 quasi
896 1416 1060 1502 propriam
1090 1414 1252 1490 tribuerit,
1286 1415 1323 1475 ut

206 1524 339 1599 δέκατος,
362 1520 485 1600 baasor,
512 1523 598 1609 ἱερός,
622 1527 657 1590 in
680 1525 870 1590 Prometheo
894 1524 976 1590 idem
995 1523 1182 1589 vocabulum
1196 1523 1242 1585 ita
1258 1541 1321 1583 non

205 1651 329 1715 semper
350 1630 461 1696 eodem
482 1635 584 1696 metro
608 1633 769 1716 repetitur,
794 1635 831 1698 ut
853 1631 916 1696 alio
940 1633 1008 1696 loco
1032 1631 1125 1695 aliter
1143 1629 1324 1711 usurpetur.

206 1738 251 1804 Ut
281 1742 415 1824 ποταμός
444 1737 605 1804 tribracho
636 1739 915 1824 comprehenditur
946 1739 980 1802 in
1012 1759 1105 1803 verse.
1142 1737 1215 1814 717,
1247 1733 1320 1807 720,

207 1846 286 1924 809;
311 1845 463 1929 potuisset
484 1846 584 1930 igitur
606 1851 701 1930 poeta
724 1853 800 1931 apta
818 1845 1008 1912 substantivi
1024 1843 1230 1910 collocatione
1245 1865 1321 1908 ana-

206 1957 359 2036 paestum,
383 1952 409 2016 si
427 1953 586 2030 voluisset,
610 1954 719 2030 uitare,
744 1953 913 2038 quodcum
930 1953 1077 2031 noluerit,
1098 1952 1208 2036 liquet,
1225 1973 1318 2034 quam

205 2083 271 2125 non
304 2061 449 2125 astrictus
480 2061 522 2125 sit
552 2062 623 2146 lege
650 2060 837 2146 Aeschylon,
868 2084 930 2145 qua
959 2061 993 2125 in
1016 2061 1054 2124 771
1077 2063 1205 2125 tantum
1228 2080 1321 2122 voca-

135 2253 138 2260 ,
205 2168 286 2233 bulis
300 2166 510 2252 recipiebatur
523 2171 720 2252 anapaestus,
746 2191 764 2232 1
787 2168 901 2254 quibus
924 2169 1077 2233 removeri
1097 2167 1185 2232 nulla
1199 2167 1322 2232 ratione

204 2278 340 2360 poterat.
379 2275 467 2352 Quod
483 2275 566 2340 idem
584 2275 735 2341 iudicium
759 2276 896 2360 quadrat
917 2277 951 2340 in
975 2275 1164 2340 adiectivum
1187 2276 1320 2360 χθόνιος,

206 2383 291 2467 quod
315 2383 514 2466 anapaestico
537 2386 639 2447 metro
657 2384 761 2447 noluit
773 2405 926 2467 usurpare
942 2383 1116 2466 Aeschylus
1130 2383 1164 2447 in
1179 2380 1321 2464 Ohoeph.

172 2555 176 2562 ,
212 2493 241 2556 1.
254 2487 351 2576 Ἑρμῆ
374 2491 487 2574 χθόνιε,
513 2491 586 2554 124.
602 2487 721 2576 ἄρηξον,
744 2487 840 2576 Ἑρμῆ
862 2491 975 2575 χθόνιε,
999 2511 1069 2554 cum
1086 2491 1118 2553 in
1142 2489 1201 2554 7111
1217 2485 1325 2565 fabula

206 2597 273 2661 sine
296 2597 635 2682 11111177171χθονίοις
658 2597 692 2660 71
716 2597 853 2661 trimetri
876 2597 968 2661 initio
991 2596 1180 2661 collocatum
1204 2597 1254 2659 sit.

275 2701 314 2767 In
346 2704 559 2767 ceterorum
590 2703 707 2788 pedum
735 2702 936 2787 respiciendis
964 2702 1142 2786 anapaestis
1167 2701 1322 2784 imprimis

206 2809 296 2885 illud,
320 2808 405 2892 quod
428 2831 524 2893 supra
547 2833 585 2875 ex
607 2809 797 2875 Hamacheri
821 2810 971 2894 opusculo
990 2810 1159 2893 repetitum
1182 2807 1319 2884 laudavi,
1397 2870 1403 2882 ,

207 2921 282 2983 ante
305 2917 410 2982 oculos
435 2916 617 2995 versabitur,
642 2940 708 2982 non
725 2939 789 2981 esse
808 2937 916 2981 omnes
934 2916 1091 2982 codicibus
1107 2915 1228 2980 oblatos
1243 2938 1321 2978 ana·

206 3029 331 3110 paestos
353 3024 527 3090 scribarum
550 3026 769 3110 neglegentiae
792 3025 983 3089 tribuendos.
1024 3023 1219 3088 Adversalur
1238 3023 1321 3088 enim

206 3133 383 3198 contrariae
407 3132 557 3216 opinioni,
583 3132 668 3216 quod
691 3132 769 3197 haec
790 3131 961 3196 scribarum
986 3131 1188 3216 neglegentia
1206 3131 1321 3194 mirum

206 3241 239 3304 in
263 3239 392 3305 modum
416 3239 540 3322 saepius
558 3239 727 3305 statuenda
746 3239 842 3303 estin
857 3239 1054 3318 Prometheo,
1079 3261 1149 3303 cum
1165 3238 1199 3302 in
1213 3238 1322 3302 ceteris

206 3345 322 3410 fabulis
345 3345 410 3410 fere
433 3345 521 3410 nulla
542 3347 592 3410 sit.
639 3345 751 3430 Neque
774 3346 874 3424 video,
898 3367 979 3430 quae
1002 3367 1095 3411 causa
1124 3345 1234 3422 fuerit,
1267 3366 1321 3409 cur

206 3452 290 3518 docti
314 3457 500 3536 anapaestos
521 3454 633 3518 tollere
656 3453 834 3532 studerent,
863 3453 1047 3537 praesertim
1081 3474 1152 3517 cum
1185 3473 1222 3516 ex
1254 3450 1321 3516 lato

206 3583 313 3626 eorum
337 3561 372 3624 in
393 3561 497 3644 primo
515 3561 593 3644 pede
612 3582 670 3625 usu
688 3561 764 3626 satis
777 3582 933 3644 superque
948 3560 1194 3645 intellegeretur,
1220 3581 1322 3643 quan-

206 3669 314 3751 topere
346 3669 456 3732 auctor
488 3667 527 3731 ab
558 3666 732 3750 Aeschylos
759 3666 924 3752 diligentia
952 3667 1145 3731 discessisset.
1191 3666 1260 3742 Qua
1284 3667 1321 3731 de

206 3796 240 3838 re
271 3795 323 3838 eos
354 3795 474 3852 versus,
508 3772 621 3857 quibus
652 3775 810 3839 sententia
844 3777 874 3838 17
906 3773 991 3839 17111
1020 3776 1051 3837 17
1078 3774 1244 3856 perspicua
1268 3796 1321 3838 ex·

206 3880 369 3964 primitur,
403 3880 442 3944 ob
474 3879 619 3945 metricas
651 3879 863 3945 dubitationes
894 3881 1012 3945 mutari
1044 3880 1209 3947 noluerim.
1260 3879 1319 3945 Sed

207 4008 444 4070 percenseamus
475 4010 561 4052 nunc
592 3988 738 4052 cautione
771 3987 913 4058 adhibite
944 3987 1087 4072 singulos
1124 3991 1321 4070 anapaestos.

206 4091 245 4158 ln
264 4117 291 4156 v.
308 4095 383 4160 264.
403 4115 511 4159 omnes
526 4093 597 4159 libri
616 4093 801 4160 Hermanno
824 4097 904 4160 teste
928 4093 1093 4159 exhibent:
1115 4095 1196 4167 τοὺς
1218 4105 1322 4166 κακῶς

207 4204 438 4284 πράσσοντας·
462 4199 530 4282 ἐγώ,
554 4206 684 4285 excepto
712 4201 818 4267 codice
849 4201 1002 4286 Lipsiensi
1033 4201 1150 4266 saeculi
1180 4201 1250 4267 XV.
1283 4201 1322 4265 ab

206 4305 392 4370 Hermanno
419 4306 503 4391 Lips.
531 4310 557 4375 l.
586 4308 684 4387 dicto,
716 4309 804 4373 cuius
835 4307 991 4392 scriptura
1024 4311 1086 4372 est:
1119 4309 1188 4381 τοὺς
1219 4319 1322 4380 κακῶς

206 4416 382 4496 πράσσοντα.
418 4411 598 4498 Anapeesto
619 4415 753 4480 offensus
772 4415 930 4480 Stanleius
949 4415 1129 4480 escenderit
1141 4419 1201 4480 τὸν
1217 4425 1322 4488 κακῶς
