3134 4998
830 343 872 410 36

294 539 521 606 choriambicos
544 539 734 604 constituere
757 561 853 623 quam
876 560 1055 604 mensuram
1077 539 1212 604 ionicam
1225 543 1408 623 sequentem

293 648 328 712 in
361 646 600 712 difficultatibus
632 647 841 730 acquiescere,
874 647 1060 730 praesertim
1087 668 1158 711 cum
1181 631 1237 710 illa
1260 667 1407 711 mensura

293 754 427 838 probata
448 753 599 838 strophae
622 752 808 838 compositio
830 753 1058 837 simplicissima
1081 745 1299 839 cognoscatur.
1346 752 1406 816 At-

291 867 399 926 tamen
422 863 544 926 restant
566 859 706 945 scrupuli
729 865 761 926 et
783 860 893 925 beatus
915 861 969 925 ille
991 864 1102 945 terque
1126 861 1244 938 beatus,
1269 860 1324 944 qni
1347 860 1405 924 hac

291 967 330 1036 de
362 989 396 1032 re
428 968 604 1033 accuratius
635 966 712 1050 quid
744 967 886 1052 proferre
918 968 1044 1052 poterit.
1088 966 1243 1032 Nostrum
1271 989 1344 1031 vero
1367 967 1405 1031 de

289 1076 439 1160 strophae
449 1099 482 1140 re
497 1076 627 1140 metrica
641 1073 791 1140 iudicium
804 1096 927 1159 semper
940 1074 1024 1140 idern
1038 1075 1099 1140 erit
1106 1075 1171 1139 sive
1181 1073 1404 1161 ἀνακλωμέναις

290 1182 355 1248 sive
383 1183 580 1247 choriambus
604 1181 924 1266 comprobaverimus,
954 1189 1089 1265 utraque
1112 1203 1258 1246 mensura
1281 1181 1321 1246 ad
1346 1180 1402 1246 So·

289 1289 459 1374 phoclcu'm
491 1293 524 1354 et
546 1287 753 1373 Euripideum
775 1311 867 1354 usum
889 1288 1072 1355 inclinante.
1119 1288 1221 1364 Quam
1245 1310 1318 1353 vero
1342 1287 1404 1351 dif-

289 1397 371 1461 fioile
402 1397 444 1462 sit
475 1418 701 1480 saepenumero
734 1396 920 1474 discernere,
953 1399 1061 1460 utrum
1088 1397 1226 1460 metrum
1249 1396 1290 1459 sit
1313 1416 1403 1459 usur·

288 1509 409 1588 patum,
434 1504 500 1587 ipse
513 1502 715 1567 Hermannus
738 1509 804 1567 iren
826 1506 924 1588 negat
947 1504 1034 1568 elem.
1058 1503 1158 1568 doctr.
1173 1507 1261 1569 metr.
1276 1525 1307 1586 p.
1321 1498 1401 1588 4941:

266 1609 446 1692 „Ceterum
468 1633 534 1674 non
558 1609 769 1688 dissimulabO,
793 1609 979 1694 quibusdam
1003 1611 1036 1675 in
1061 1611 1135 1674 locis
1157 1611 1203 1674 ita
1218 1609 1402 1695 ambiguum

287 1739 365 1797 esse,
396 1720 504 1782 utrum
528 1714 659 1804 Ionicus!
681 1717 723 1782 sit
745 1739 894 1782 numerus
917 1741 959 1782 an
982 1717 1224 1796 choriambicns,
1258 1721 1295 1781 nt
1319 1738 1403 1780 nunc

289 1846 347 1909 pro
380 1829 454 1890 utro
485 1824 617 1890 iudicari
649 1828 797 1908 oporteat
828 1826 923 1909 plane
955 1825 1147 1902 nesciamus,
1184 1846 1269 1888 nunc
1301 1846 1402 1908 paene

288 1931 383 1996 fateri
406 1953 565 2017 cogamur,
590 1937 707 1997 temere
730 1932 789 1996 hos
811 1913 959 1997 numeros
982 1933 1097 1998 mixtos
1120 1930 1248 1997 videri?'

353 2073 394 2136 ΙΙ.
431 2072 526 2138 Nunc
554 2095 591 2138 eo
621 2073 842 2157 disputationis
869 2080 997 2139 nostrae
1028 2074 1183 2159 progressi
1215 2096 1331 2152 sumus,
1364 2079 1402 2139 ut

284 2183 354 2246 tota
386 2181 527 2264 quaestio
559 2180 598 2244 de
629 2180 667 2244 iis
698 2181 819 2259 metris,
858 2203 938 2264 quae
975 2180 1180 2245 Prometheus
1216 2185 1248 2246 et
1280 2185 1401 2245 ceterae

284 2287 433 2372 Aeschyli
456 2287 584 2352 fabulae
606 2289 787 2352 communia
816 2287 944 2365 habent,
978 2291 1114 2352 tractata
1146 2291 1177 2352 et
1207 2286 1248 2352 ad
1280 2289 1401 2352 exitum

283 2394 420 2460 adducta
442 2394 597 2459 videatur.
643 2394 764 2473 Restat,
798 2395 853 2478 qui
880 2397 948 2459 erat
976 2395 1052 2460 ordo
1080 2395 1269 2478 propositus,
1301 2392 1400 2458 utin

282 2497 683 2581 numerosatragoedia
697 2497 890 2584 Aeschylos
913 2498 1049 2565 alienos
1071 2502 1262 2584 inquiratur.
1296 2501 1398 2576 Quam

281 2601 319 2674 in¹
338 2611 552 2693 quaestionem
577 2608 742 2673 referenda
765 2615 844 2674 esset
861 2602 999 2692 'stropha
1021 2631 1050 2672 ν.
1078 2609 1160 2686 128,
1189 2609 1215 2671 si
1238 2608 1397 2673 distinctio

282 2715 501 2796 choriambica,
526 2737 622 2798 quam
637 2714 807 2799 Sophocles
831 2717 863 2779 et
880 2699 1046 2798 Euripides
1069 2715 1103 2779 in
1127 2714 1245 2779 deliciis
1268 2715 1395 2793 habent,

281 2823 319 2887 de
342 2845 405 2906 qua
436 2845 470 2886 re
502 2822 572 2885 vide
595 2821 870 2904 Rossb.-Westph.
895 2825 955 2888 art.
978 2825 1068 2889 metr.
1092 2805 1151 2900 11²,
1184 2844 1215 2906 p.
1240 2823 1314 2888 841.
1338 2844 1394 2907 sq,

281 2931 369 2994 omni
392 2929 591 2994 dubitatione
615 2951 713 2994 vacua
736 2933 825 2995 esset.
872 2929 962 3004 Quod
986 2951 1059 2994 vero
1081 2931 1230 2995 nonnulli
1257 2929 1395 3014 scrupuli

266 3038 403 3122 ,restant
424 3057 618 3120 semperque,
646 3038 684 3098 nt
706 3038 795 3118 puto,
819 3035 993 3114 restabunt,
1026 3036 1111 3099 illius
1134 3035 1180 3099 ita
1203 3037 1395 3100 mentionem
1434 3047 1437 3054 ’

266 3127 348 3208 ‘fieri
378 3143 477 3208 setius
508 3142 593 3221 duxi,
627 3145 663 3206 ut
690 3141 731 3205 ad
759 3143 891 3206 alteram
919 3145 1044 3226 partem
1065 3143 1236 3207 transitum
1259 3149 1394 3226 pararet.

279 3249 374 3314 (luins
396 3250 430 3314 in
453 3249 559 3314 fronte
582 3271 681 3332 pono:

345 3390 373 3456 l.
407 3389 592 3474 stropham
616 3389 1092 3474 logaoedicoanapaesticam
1116 3410 1147 3457 v.
1169 3390 1293 3490 ittet
1316 3407 1393 3474 epo·

279 3497 362 3564 dum
386 3515 418 3564 1.
441 3495 516 3566 425.
563 3499 622 3564 Sed
651 3521 723 3566 cum
751 3501 901 3584 strophae
927 3501 1084 3585 scriptura
1112 3500 1231 3566 tradita
1262 3521 1393 3584 corrup-

279 3593 351 3672 telis
374 3606 467 3670 nimis
489 3606 531 3670 sit
549 3603 731 3689 depravata,
755 3607 949 3692 antistrophi
965 3607 1067 3682 verba,
1091 3629 1172 3691 quae
1185 3609 1310 3692 integra
1325 3608 1393 3671 sola

277 3719 352 3780 sunt
374 3713 577 3798 respicienda,
602 3714 759 3798 exscripta
782 3713 900 3794 demus,
925 3715 1131 3780 necessarium
1154 3714 1293 3780 videtur:

383 3855 499 3944 ἔμαθον
520 3858 590 3922 τάδε
613 3860 668 3930 σὰς
690 3857 854 3942 προσιδοῦσ’
879 3855 971 3931 ὀλοὰς
993 3861 1097 3943 τιὸχας,
1121 3855 1296 3944 Προμηθεῦ.
1331 3897 1333 3904 ·

381 3968 415 4029 τὸ
439 3965 600 4052 διαμφίδιον
622 3965 654 4027 δέ
677 3986 727 4051 μοι
749 3965 839 4050 μέλος
861 3970 1008 4049 spectare

381 4072 440 4136 τόδ’
465 4069 557 4137 aaa
581 4069 633 4136 d'd
655 4070 680 4136 τ’
703 4070 779 4159 ἀμφὶ
800 4073 908 4157 lempst

381 4183 435 4243 aad
456 4180 547 4265 λέχος
570 4183 621 4245 σὸν
643 4175 794 4264 {speratam

379 4283 472 4351 ἰότατι
493 4291 605 4371 γάμων,
629 4284 677 4350 ὅτε
698 4289 750 4351 τὰν
772 4283 949 4371 ὁμοπάτριον
972 4285 1063 4360 ἕδνοις

380 4392 490 4479 ἄγαγες
512 4391 647 4460 Ἡσιόναν
669 4395 779 4459 πείθων
801 4393 936 4481 δάμαρτα
957 4397 1164 4482 κοινόλεκτρον.
