3134 4998
800 313 820 378 8

469 525 496 574 c.
520 507 561 575 tte
583 508 756 592 anapaestis
779 525 831 592 pro
855 509 960 578 iambis
984 511 1165 578 substitutis.

322 615 383 684 Sed
406 617 629 706 aggrediamur
650 641 735 686 nunc
757 619 796 686 ad
821 641 872 686 eos
891 619 977 686 locos
991 619 1230 699 enumerandos,
1254 619 1368 704 quibus

255 730 398 811 receptus
421 731 468 792 est
490 732 687 812 anapaestis,
720 729 775 814 qui
807 749 880 794 usus
911 729 945 794 in
977 728 1165 794 Prometheo
1194 731 1261 793 tam
1284 727 1367 792 latus

255 830 358 898 factus
381 837 437 914 eat,
460 837 498 900 ut
520 835 662 901 fabulam
689 835 728 901 ad
761 835 943 922 Euripidem
976 836 1026 901 vel
1057 835 1193 900 maxime
1224 833 1368 901 accedere

255 942 366 1027 negari
395 942 447 1008 vix
469 943 577 1028 possit.
624 942 742 1029 anue,
775 966 856 1029 quae
887 964 1014 1028 prorsus
1046 942 1163 1029 probo,
1195 942 1228 1006 in
1262 940 1368 1006 iroute
1496 1021 1499 1026 Ι

169 1047 171 1052 ’
256 1046 479 1134 disputationis
500 1072 618 1135 ponere
640 1050 719 1116 mihi
742 1051 847 1130 liceat,
874 1073 956 1136 quae
978 1050 1131 1135 explicuit
1154 1048 1368 1116 Hamacherus

255 1153 277 1220 l.
305 1156 326 1222 l.
354 1179 386 1240 p.
414 1157 450 1236 4,
482 1157 582 1222 inesse
612 1157 686 1224 huic
717 1156 844 1223 fabulae
876 1178 995 1236 versus,
1033 1179 1111 1241 quos
1142 1157 1202 1222 rite
1233 1155 1369 1222 traditos

256 1284 349 1328 nemo
373 1263 553 1329 mortalium
582 1285 695 1330 vexare
722 1267 887 1344 tentasset,
922 1264 981 1330 nisi
1015 1264 1095 1329 falsa
1127 1262 1165 1328 de
1196 1266 1367 1347 anapaesto

256 1373 504 1454 praeoccupatus
519 1371 676 1455 opinione,
691 1393 893 1456 quamquam,
915 1374 952 1436 ut
970 1372 1068 1450 exiis,
1089 1393 1170 1456 quae
1182 1372 1367 1454 sequuntur,

256 1475 400 1556 elucebit,
424 1499 488 1543 non
510 1499 634 1571 semper
651 1501 752 1543 meam
773 1481 968 1545 voluntatem
988 1479 1028 1543 ad
1047 1479 1132 1544 illius
1146 1478 1368 1544 auctoritatem

256 1583 447 1670 aggregabo.

323 1691 361 1757 In
384 1693 507 1777 primo
534 1693 612 1777 pede
635 1694 784 1760 terdecies
811 1693 963 1760 admissus
994 1697 1041 1760 est
1072 1697 1273 1778 anapaestus,
1305 1713 1369 1778 quo
1503 1728 1505 1732 .

257 1825 296 1868 ex
317 1823 449 1867 numero
471 1824 553 1866 unus
575 1824 691 1867 nomen
714 1803 879 1887 proprium
902 1804 1123 1888 complectitur
1145 1826 1173 1870 τ.
1191 1802 1265 1868 805.
1287 1799 1369 1885 Ἀρι-

257 1914 391 1998 μαοττόν,
414 1931 485 1974 cum
516 1910 549 1974 in
582 1910 692 1975 ceteris
721 1910 894 1996 tragoediis
925 1911 991 1976 fere
1016 1933 1139 1995 semper
1161 1911 1245 1976 hanc
1267 1911 1369 1995 legem

256 2017 427 2084 servaverit
451 2017 631 2098 Aeschylus
656 2023 692 2082 ut
715 2021 921 2102 anapaestum
948 2040 1006 2103 pro
1034 2017 1139 2083 iambo
1170 2017 1230 2080 nisi
1257 2017 1290 2082 in
1313 2038 1369 2082 no·

256 2125 342 2190 mins
376 2125 505 2209 proprio
540 2123 599 2188 sibi
631 2146 697 2189 uon
732 2125 921 2211 indulgeret.
968 2125 1047 2192 lude
1078 2126 1200 2190 factum
1236 2128 1295 2204 est,
1333 2126 1370 2190 ut

256 2253 406 2298 numerus
428 2237 678 2315 anapaestorum,
702 2232 758 2317 qui
780 2233 815 2297 in
833 2232 964 2298 nornine
977 2233 1107 2317 proprio
1119 2231 1225 2299 locum
1239 2231 1385 2310 habeut,

256 2339 348 2406 facile
371 2360 424 2405 eos
445 2342 617 2424 superaret,
646 2340 701 2422 qui
724 2340 793 2412 aliis
815 2340 995 2406 nominibus
1022 2339 1150 2406 formati
1177 2341 1264 2418 suut,
1297 2361 1370 2404 cum

257 2447 293 2514 in
307 2445 496 2512 Prometheo
510 2469 548 2511 ex
563 2448 731 2527 contrarie,
756 2470 837 2532 quae
854 2453 948 2513 antea
965 2448 1107 2532 exceptio
1121 2447 1238 2526 fuerat,
1260 2446 1371 2533 regula

257 2555 358 2619 fieret.
403 2553 472 2618 lam
495 2552 572 2618 haec
594 2553 801 2620 consideratio
829 2556 1005 2622 luculenter
1031 2556 1240 2633 demonstrat,
1269 2576 1370 2638 quan-

257 2666 366 2746 topere
388 2661 555 2746 tragoedia
578 2660 705 2745 delapsa
727 2663 769 2726 sit
796 2661 837 2726 ed
861 2662 1020 2747 Euripidis
1047 2663 1225 2728 liberiorem
1253 2664 1370 2726 metro-

257 2790 328 2833 ram
350 2790 451 2844 usum,
476 2789 570 2851 quem
593 2768 756 2853 antiquior
781 2769 947 2854 tragoedia
978 2771 1067 2836 nulla
1098 2770 1282 2836 necessitate
1312 2768 1372 2833 sibi
1425 2789 1433 2804 ·

258 2897 323 2961 non
345 2879 546 2940 concesserat.
593 2875 719 2960 Reliqui
742 2878 904 2961 anapaesti
926 2878 1133 2943 inveniuntur
1158 2879 1192 2942 in
1216 2899 1265 2941 vv.
1285 2879 1315 2942 6.
1340 2882 1372 2942 et

257 2981 340 3066 (64.)
363 2980 563 3068 ἀδαμαντίνων
584 2989 616 3048 et
638 2982 872 3070 (ἀδαμαντίνου),
902 2986 953 3051 89.
987 2988 1019 3049 et
1046 2985 1148 3068 (368.)
1177 2995 1317 3070 ποταμῶν
1340 2985 1372 3048 et

257 3089 426 3178 (ποταμοί),
449 3093 524 3156 366.
544 3096 576 3157 et
593 3091 696 3175 (722.)
710 3101 853 3179 κορυφαῖς
869 3098 900 3158 et
915 3091 1088 3180 (κορυφάς),
1115 3093 1188 3158 721.
1204 3094 1371 3178 κροτάφων,

256 3199 332 3266 353.
356 3196 601 3283 ἑκατογκάρανον,
627 3200 699 3266 796.
723 3200 906 3286 μονόδοντες,
931 3201 1005 3268 994.
1030 3201 1172 3286 χθονίοις.
1223 3198 1370 3264 Vitatum

259 3308 409 3386 videmus,
434 3307 488 3391 qni
512 3308 676 3392 augmenti
699 3309 872 3378 accessione
895 3308 1025 3386 exsistit,
1050 3311 1266 3392 anapaestum,
1291 3329 1372 3390 quae

260 3414 423 3502 augmenti
446 3415 479 3479 in
503 3415 605 3498 primo
629 3413 708 3498 pede
730 3416 896 3499 neglectio,
920 3416 981 3481 nisi
1003 3414 1110 3480 scribis
1127 3413 1297 3480 tribuenda
1315 3415 1371 3491 est,

260 3545 355 3609 quam
386 3522 596 3606 suspicionem
627 3544 684 3587 cur
715 3522 887 3588 inferamus
919 3545 984 3588 non
1012 3529 1067 3602 est,
1097 3522 1287 3606 Aeschyleae
1311 3521 1373 3587 arti

260 3651 389 3716 prorsus
411 3633 458 3694 est
480 3628 726 3695 accommodata.
777 3629 825 3694 De
855 3631 915 3695 hac
945 3653 980 3695 re
1012 3629 1051 3697 cf.
1080 3628 1253 3694 Hermann.
1282 3624 1372 3695 elem.

261 3737 358 3804 doctr.
384 3741 475 3804 metr.
499 3759 531 3820 p.
558 3737 631 3802 120.
678 3734 750 3800 Huc
772 3737 925 3802 accedunt
948 3737 1009 3803 duo
1037 3737 1213 3820 anapaesti,
1248 3735 1303 3819 qui
1334 3757 1373 3800 ex

260 3844 348 3910 verbi
370 3845 427 3909 aut
448 3843 585 3907 nominis
609 3843 834 3926 compositione
857 3865 929 3909 eum
949 3827 1180 3929 praepositione
1198 3842 1268 3907 nati
1282 3844 1371 3906 sunt:

260 3974 289 4018 τ.
307 3952 382 4017 849.
406 3949 535 4036 ἐπαφῶν,
560 3952 634 4016 811.
652 3953 855 4036 καταβασμόν,
878 3949 1052 4016 cuiusmodi
1075 3950 1238 4033 anapaesti
1256 3949 1317 4014 nisi
1339 3949 1372 4012 in

260 4057 440 4124 Philocteta
462 4056 626 4142 Sophoclis
649 4064 681 4124 et
703 4057 787 4142 apud
812 4057 993 4141 Euripidem
1017 4078 1174 4140 nusquam
1202 4056 1292 4121 nobis
1321 4077 1373 4119 oc-

218 4199 219 4203 *
260 4168 407 4244 currunt,
440 4187 514 4229 uam
538 4163 788 4252 ἀποχρημάτοισι,
821 4165 904 4248 quod
932 4164 1050 4250 legitur
1076 4161 1374 4248 insumptam.

260 4294 318 4337 suo
340 4271 408 4336 iure
431 4271 613 4337 Diodorfius
636 4271 857 4355 interpolatori
879 4271 1023 4336 tribuisse
1046 4271 1124 4336 mihi
1149 4271 1280 4336 videtur.
1324 4267 1374 4334 Sic

174 4477 176 4480 Ι
262 4377 406 4466 ἀπόλωλα
427 4379 461 4444 in
484 4379 660 4446 Philocteta
682 4383 731 4444 ter
753 4381 957 4463 anapaestum
981 4379 1093 4463 implet
1119 4380 1152 4443 in
1181 4377 1273 4443 initio
1305 4397 1374 4440 ver·
