3134 4998
712 343 839 440 P„

178 539 336 606 Pollucem
369 539 542 625 ἐπιπάροδον
572 537 761 603 intellexisse
792 537 959 602 verisimile
991 537 1046 602 e'st.
1103 535 1290 602 Eumenides

177 647 261 712 enim
292 648 485 732 spectatores
516 647 669 711 allocutae
700 666 772 725 esse,
805 645 897 709 facile
929 644 1132 728 consequitur
1155 666 1193 709 ex
1215 665 1291 728 pro-

176 751 374 834 nomincdd'
399 753 541 820 v.316.:
664 781 665 786 ¹

478 858 556 933 ὅστις
579 858 712 925 δ’ἀλιτὼν
734 856 829 943 ὥσπερ
852 856 896 922 ὅδ’
921 855 996 944 ἀνὴρ

461 977 580 1053 ’χεῖρας
603 972 706 1054 φονίας
728 964 897 1050 ἐπικρὸπτει.

245 1073 294 1139 οο
317 1074 377 1138 hac
399 1095 433 1138 re
463 1073 555 1139 docte
582 1074 648 1160 egit
671 1073 730 1138 Th.
752 1073 902 1151 Kochius,
935 1071 1039 1138 Ueber
1071 1071 1121 1136 die
1152 1070 1292 1136 Parodos

177 1182 232 1246 der
246 1181 461 1266 griechischen
475 1180 631 1265 Tragbdie
644 1182 687 1245 im
704 1179 923 1266 Allgemcinen
942 1179 1008 1244 und
1023 1179 1073 1244 die
1088 1178 1140 1243 des
1154 1177 1292 1262 Oedipus

176 1289 211 1352 in
233 1287 378 1352 Kolonos
400 1288 445 1352 im
458 1287 666 1365 Besonderen,
692 1287 805 1372 Gymn.
820 1286 931 1370 Progr.
951 1286 1052 1352 Posen
1070 1285 1166 1364 1850,
1190 1309 1221 1370 p.
1239 1288 1291 1352 16.

176 1395 247 1472 Quo
270 1395 407 1474 vinomo,
441 1395 527 1478 qnod
559 1394 689 1458 chorum
721 1416 792 1459 cnm
822 1394 1051 1478 spectatoribus
1075 1393 1290 1472 coniunxerat,

176 1503 209 1567 in
233 1502 422 1568 Prometheo
454 1505 549 1586 rupto
580 1501 733 1566 sermonis
764 1501 943 1566 vicissitudo
966 1503 1110 1566 actorum
1142 1504 1174 1564 et
1205 1500 1293 1564 chori

175 1609 387 1687 substituitur,
420 1629 502 1692 quae
532 1610 601 1693 ipsa
633 1629 726 1674 causa
758 1608 883 1674 videtur
910 1629 983 1687 esse,
1017 1630 1074 1672 cur
1100 1607 1230 1691 propius
1253 1606 1293 1671 ad

174 1737 321 1781 scaenam
351 1717 385 1780 in
417 1718 619 1800 conspectum
648 1716 764 1782 theatri
795 1717 938 1780 uenerint
964 1715 1135 1798 nymphae.
1181 1713 1292 1798 Neque

177 1829 233 1902 est,
267 1844 323 1888 cur
350 1823 426 1887 huic
447 1823 568 1907 paredo
590 1823 706 1888 similes
729 1845 748 1888 a
771 1821 926 1907 Sophocle
949 1824 981 1887 et
1003 1821 1155 1905 Euripide
1178 1822 1293 1905 petitas

177 1951 400 2014 supponamus.
448 1928 550 1994 Ceteri
574 1933 660 1995 actus
682 1929 784 1994 tribus
806 1929 942 1994 stasimis
964 1928 1130 2007 finiuntur,
1155 1949 1292 2012 quorum

177 2037 315 2121 primum
336 2035 506 2101 scholiasta
527 2035 592 2100 tale
614 2036 765 2122 cognovit
787 2035 991 2101 adnotatione
1013 2033 1100 2099 facta
1114 2033 1154 2099 ad
1168 2055 1292 2099 versum

176 2145 257 2210 397:
281 2147 313 2206 τὸ
336 2146 474 2228 στάσιμον
496 2140 558 2226 ᾄδει
580 2139 703 2230 ὁχορὺς
725 2141 773 2207 ἐπὶ
795 2155 849 2229 τῆς
872 2155 927 2230 γῆς
949 2143 1170 2228 κατεληλγθὼς.
1207 2143 1294 2218 Quae

175 2250 305 2316 stasima
329 2250 435 2314 omnia
458 2250 515 2328 illi,
540 2251 724 2334 quamiam
745 2271 841 2334 supra
864 2250 1091 2333 exscripsimus,
1117 2249 1293 2314 definitioni

176 2356 379 2421 Aristoteliaa
402 2356 580 2440 respondet,
608 2377 679 2420 cum
702 2355 769 2420 ἄνευ
793 2354 970 2420 decoctores
992 2359 1045 2420 acl
1066 2360 1207 2442 τροχαίου
1229 2355 1294 2419 sint

177 2463 362 2548 composita.
410 2461 470 2528 Sed
493 2463 569 2546 quid
593 2461 787 2548 Aeschylus?
817 2449 915 2528 Solet
938 2463 1030 2526 etiam
1055 2463 1184 2527 staaima
1207 2462 1293 2528 haud

175 2593 250 2636 raro
274 2593 345 2636 cum
364 2569 543 2654 anapaestis
557 2569 744 2647 consociare,
769 2569 847 2652 quin
861 2569 957 2632 etiam
970 2568 1181 2634 Eumenidum
1196 2590 1293 2652 quar·

174 2681 247 2743 tum
274 2678 436 2743 choricum
458 2675 639 2741 Promethei
671 2675 791 2761 parodo
822 2675 955 2740 similem
987 2675 1117 2759 praebet
1148 2676 1292 2760 speciem.

176 2784 266 2862 Quod
290 2785 389 2870 igitur
412 2784 490 2848 haec
512 2784 640 2848 stasima
659 2784 837 2868 anapaestis
850 2785 925 2847 sunt
939 2781 1097 2862 destituta,
1122 2804 1293 2868 argumen-

176 2896 282 2957 torum
314 2892 379 2955 iam
410 2911 593 2975 praegressa
626 2891 839 2976 disputatione
866 2893 1121 2956 coacervatorum
1143 2913 1293 2956 numerus

177 3001 322 3083 augetur,
357 2996 521 3080 Sophoclis
549 3002 580 3061 ct
608 2996 768 3081 Euripidis
800 2999 942 3082 exemplo
974 2998 1184 3081 institutoque
1213 2997 1292 3063 Pro·

176 3104 295 3169 mathei
318 3108 479 3169 auctorem
502 3103 674 3170 condidisse
697 3104 846 3171 carmina.

244 3210 303 3276 His
335 3211 373 3275 de
405 3209 596 3276 carminibus
627 3211 661 3274 in
693 3211 875 3276 universum
906 3211 1057 3294 expositis
1092 3211 1132 3276 ad
1166 3214 1294 3300 μέγεθος

178 3340 289 3383 eorum
303 3318 484 3412 transimus.
513 3317 585 3382 Jam
601 3317 640 3386 a.
654 3315 948 3403 Engelmannus
970 3317 1004 3382 in
1019 3317 1134 3384 Philol.
1149 3319 1293 3398 XXVII,

177 3447 208 3508 p.
227 3425 300 3492 736.
314 3446 396 3507 quaa
410 3423 629 3508 amplitudinis
644 3429 722 3489 esset
736 3425 818 3489 ratio
834 3425 918 3490 inter
931 3425 1129 3510 singularum
1144 3426 1294 3510 Aeschyli

176 3531 358 3596 fabularum
382 3534 487 3614 partes
511 3533 636 3597 melicas
658 3532 797 3597 numeris
819 3553 893 3596 usus
917 3533 1061 3600 ostendit.
1107 3531 1292 3617 Supplicnm

179 3618 1294 3724 mwffiwmmmmmfflme

105 3733 107 3739 ’
178 3767 252 3830 pars
275 3746 442 3812 Persarum
466 3747 587 3830 (1067ε
621 3747 699 3826 457)
728 3750 760 3812 et
783 3747 909 3832 Septem
933 3748 1056 3826 (10772
1089 3748 1178 3832 468),
1212 3771 1293 3833 quae

177 3853 261 3918 ratio
292 3854 326 3918 in
351 3852 475 3918 Orestia
506 3855 539 3920 in
571 3855 699 3920 tertiam
731 3859 856 3940 partem
886 3856 1042 3921 minuitur
1070 3855 1188 3942 (Agam
1212 3858 1292 3923 682:

181 3962 307 4026 1673=
317 3957 453 4046 ¹ls--¹la,
464 3961 604 4046 Ohoeph.
616 3963 694 4086 36οε
707 3964 832 4029 1076Ξ
842 3957 889 4048 ²ls,
901 3963 991 4028 Eum.
1002 3963 1081 4029 354:
1097 3963 1223 4029 1047=
1233 3961 1294 4050 11,),

178 4089 252 4132 oum
284 4066 466 4132 Promethei
502 4072 610 4153 partes
646 4070 775 4134 melicae
811 4071 978 4154 septimam
1011 4069 1139 4135 fabulae
1170 4073 1295 4155 partem

180 4174 436 4258 complectantur
457 4175 573 4258 (10932
599 4176 686 4260 151).
725 4176 787 4244 Ubi
809 4176 940 4243 tandem
962 4182 1037 4242 sunt
1055 4179 1089 4242 in
1103 4178 1294 4243 Prometheo

179 4281 235 4345 illa
266 4281 404 4361 chorica,
437 4283 470 4347 in
504 4284 614 4349 ceteris
651 4283 767 4348 fabulis
798 4284 832 4347 in
864 4289 935 4350 octo
967 4285 1173 4370 stropharum
1204 4285 1294 4369 paria

181 4387 314 4454 dilatata
327 4393 360 4454 ct
373 4391 576 4473 amplificata,
596 4390 710 4474 quibus
730 4391 937 4477 percipiendis
951 4393 1157 4477 antiquorum
1171 4392 1293 4460 animos
