3134 4998
483 379 744 444 ¹⁴15

166 598 237 642 cum
260 575 344 661 apud
368 575 556 659 Sophoclem
583 574 667 640 haud
701 597 774 639 rara
804 575 881 653 sint,
914 577 951 638 ut
982 574 1093 640 Trach.
1118 575 1170 653 90,
1200 571 1276 640 Oed.

141 688 225 769 ¹tyr.
252 685 346 762 1232,
371 683 484 768 Antig.
510 685 561 760 27,
587 684 661 750 544.
708 683 746 747 In
769 683 956 747 Prometheo
980 683 1041 748 duo
1065 682 1196 747 offendi:

325 791 399 856 918.
423 786 582 874 οὐδὲνγὰρ
605 785 684 874 αὐτῷ
706 789 786 853 ταῦτ’
811 787 964 873 ἐπαρκέσει
985 792 1020 853 τὸἸ
1041 793 1083 877 μὴ
1107 786 1142 853 od
1233 862 1238 872 1

421 905 515 961 πετεῖν
537 895 646 983 ἀτίμως
669 898 798 982 πτώματ’
822 893 877 960 ota
900 895 1057 984 ἀνασχετά.

327 1005 400 1071 865.
426 1009 495 1091 μίαν
516 1004 548 1068 δὲ
569 1004 681 1069 παίδων
700 1002 819 1091 ἵμερος·
834 1003 932 1076 θέλξει
953 1008 987 1068 τὸ
1011 1007 1053 1090 μὴ

423 1122 531 1177 κτεῖναι
552 1113 692 1187 olivetvm,

167 1240 247 1302 quae
270 1208 409 1303 quidem
424 1218 584 1303 exempla,
618 1239 813 1302 quamquam
844 1239 900 1300 per
931 1239 963 1281 se
995 1217 1124 1281 minime
1153 1221 1277 1282 tanturn

166 1326 282 1404 valent,
306 1329 343 1392 ut
366 1326 403 1390 de
427 1325 554 1391 fabulae
581 1324 703 1408 origine
724 1323 898 1406 Aeschyleo
924 1324 1109 1407 scrupulum
1136 1324 1278 1402 iniciant,

165 1431 203 1495 iis
226 1431 436 1497 examinanda
459 1431 624 1514 proposita
657 1430 763 1508 velim,
797 1429 851 1515 qui
883 1429 1105 1494 Prometheum
1134 1430 1168 1494 iu
1195 1431 1280 1495 anti·

166 1538 322 1622 quissimis
348 1536 495 1622 Aeschyli
517 1536 688 1621 tragoediis
712 1539 889 1602 numerant.

233 1644 271 1708 In
295 1644 427 1708 eandem
450 1642 488 1707 de
508 1643 686 1708 Promethei
710 1645 814 1708 aetate
836 1643 1026 1708 sententiam
1050 1646 1132 1709 recte
1155 1643 1280 1710 ducitur

166 1749 325 1814 Martinus
347 1749 686 1814 interiectionibus
710 1753 747 1813 et
769 1751 902 1815 metris
930 1749 1062 1832 lyricis
1084 1751 1187 1814 inter
1208 1751 1280 1815 tri·

168 1857 305 1919 metros
329 1853 500 1920 Orestiae
522 1862 559 1921 et
581 1855 799 1921 Promethei
823 1856 952 1919 mixtis
975 1856 1047 1934 (cfr.
1071 1857 1093 1922 l.
1110 1857 1130 1920 l.
1155 1880 1185 1940 p.
1208 1857 1281 1942 12),

168 1982 249 2044 quae
271 1961 305 2025 in
333 1960 443 2038 Persis,
478 1960 687 2045 Supplicibus‚
721 1961 849 2045 Septem
877 1961 1103 2026 desiderantur.
1152 1963 1280 2028 Prome·

38 2065 45 2078 “
168 2067 261 2133 theos
283 2068 410 2152 quidem
433 2069 664 2133 interiectiones
688 2067 783 2133 habet
806 2070 840 2132 in
863 2091 891 2135 v.
909 2070 981 2136 742.
1004 2065 1040 2132 ἰώ
1063 2073 1113 2156 μοί
1136 2092 1194 2155 μοι,
1218 2068 1235 2132 ἔ
1256 2067 1281 2145 ἔ,

169 2173 283 2258 quibus
315 2173 368 2239 lus
399 2196 582 2260 responsum
615 2177 804 2242 continetur.
860 2175 933 2241 Alia
960 2176 1112 2240 eiusmodi
1139 2178 1282 2261 exempla

167 2282 335 2347 memoriae
357 2282 474 2347 inferre
496 2282 643 2372 studebat
657 2281 848 2362 Dindorfius‚
872 2284 927 2366 qui
949 2284 1067 2347 inserto
1086 2283 1198 2347 Artocen
1212 2307 1281 2348 ver·

91 2429 93 2436 ,
167 2410 235 2454 rum
260 2391 334 2456 298.
356 2391 400 2454 sic
423 2389 596 2474 expedivit:

424 2494 460 2559 ἔα

425 2605 452 2665 rt
474 2613 579 2689 χρῆμα
601 2601 727 2678 λτὺσσω;
750 2603 803 2664 καὶ
826 2602 860 2663 oh
884 2602 920 2688 δὴ
944 2602 1008 2666 κτλ.

90 2789 92 2802 .
170 2710 201 2771 et
224 2706 336 2790 quiin
359 2729 388 2770 v.
413 2707 486 2773 980.
510 2707 700 2772 Mercurium
723 2707 902 2773 Promethei
924 2707 1000 2795 ὤμοι
1022 2709 1201 2793 repetivisse
1228 2732 1283 2774 vo-

170 2815 301 2879 luerunt
333 2811 554 2892 Schneiderus‚
582 2813 818 2893 Lachmannus,
851 2813 1040 2895 Meinekius‚
1068 2817 1137 2895 alii,
1161 2839 1202 2881 ne
1223 2817 1282 2881 tri-

170 2929 270 2985 meter
292 2923 404 2985 contra
427 2921 529 3006 legem
552 2922 702 3006 antiquae
728 2922 910 3008 tragoediae
942 2923 982 2988 ab
1014 2922 1169 3006 Aeschylo
1203 2928 1235 2989 et
1262 2947 1281 2989 a

170 3026 326 3112 Sophocle
353 3028 387 3091 in
411 3026 574 3113 Antigona
603 3029 771 3114 diligenter
801 3034 958 3095 servatam
989 3030 1073 3096 inter
1104 3030 1182 3095 duas
1210 3052 1281 3114 per-

169 3156 261 3200 sonas
292 3134 492 3202 divideretur.
546 3135 658 3220 Neque
694 3137 779 3201 enim
810 3137 884 3202 huie
915 3138 996 3216 loco,
1035 3138 1090 3222 qui
1125 3160 1207 3203 unus
1243 3161 1282 3204 ex

171 3241 327 3326 Aeschylo
359 3240 582 3325 ἀντιλαβαῐς,
615 3265 696 3326 quae
727 3266 746 3306 a
773 3244 929 3308 veteribus
957 3251 1194 3328 nuncupantur,
1226 3245 1283 3309 ad-

170 3349 384 3414 numerandus
411 3356 466 3429 cst,
497 3352 715 3434 patrocinatur
743 3349 829 3434 Sept.
855 3352 929 3430 217,
962 3352 1017 3416 ubi
1048 3353 1284 3436 interpolatoris

170 3458 284 3523 veteris
315 3457 460 3523 fraudem
492 3458 692 3523 manifestam
725 3479 788 3522 esse
819 3481 912 3550 nemo
944 3479 1010 3524 non
1041 3458 1200 3524 concedat.
1242 3458 1283 3526 of.

170 3563 346 3630 Wecklein.
378 3564 483 3629 studia
514 3565 659 3649 Aeschyl.
691 3585 722 3649 p.
748 3565 801 3633 46.
855 3565 1003 3633 Diodorf.
1035 3564 1135 3649 praef.
1170 3565 1215 3630 ed.
1231 3564 1283 3634 V.

170 3691 201 3755 p.
223 3669 306 3736 LVI.
353 3670 413 3737 Sed
441 3693 507 3737 non
538 3674 620 3750 erat,
648 3693 703 3736 cur
725 3673 881 3756 scriptura
903 3694 1014 3756 perse
1036 3693 1113 3737 sana
1136 3670 1211 3758 Aper
1233 3694 1283 3737 re·

158 3779 271 3862 ¹petito
294 3782 473 3865 augeretur,
497 3779 594 3844 immo
618 3780 770 3844 orationis
798 3781 844 3844 vis
874 3781 933 3846 hac
964 3781 1152 3864 repetitione
1178 3781 1284 3845 immi·

170 3885 296 3964 unitur,
328 3887 361 3951 id
392 3885 477 3970 quod
509 3885 655 3952 viderunt
686 3885 820 3952 Weilius
852 3887 961 3953 adnot.
995 3886 1034 3952 ad
1062 3887 1148 3952 hune
1179 3887 1284 3953 locum

171 3992 270 4070 edita,
313 3990 349 4060 Ο.
386 3993 577 4060 Ribbeokius
619 3999 835 4075 commentat,
883 4017 963 4079 quae
998 3995 1180 4060 inscribitur
1216 3996 1285 4071 Qua

171 4099 345 4185 Aeschylus
376 4105 445 4167 arte
476 4102 510 4167 in
537 4101 726 4168 Prometheo
755 4102 867 4168 fabula
895 4103 1035 4168 diverbia
1063 4102 1283 4186 composuerit,

171 4206 265 4276 Bem.
293 4208 389 4288 1859,
411 4231 443 4295 p.
469 4213 520 4279 11.
565 4209 696 4278 Servata
726 4211 828 4297 igitur
857 4210 992 4275 lectione
1018 4209 1149 4294 vulgata
1181 4207 1284 4273 denuo

171 4317 406 4403 comprobatur,
429 4319 513 4402 quod
537 4320 646 4386 crebro
669 4319 734 4385 iam
757 4319 901 4397 diximus,
917 4316 1098 4382 Promethei
1122 4317 1283 4382 metricam

171 4427 431 4512 compositionem
465 4427 505 4493 ad
543 4426 706 4512 Sophoclis
741 4430 774 4493 et
811 4424 971 4512 Euripidis
1006 4426 1107 4490 artem
1142 4423 1285 4510 proxime
