3134 4998
827 263 870 328 22

294 460 454 532 metheum
476 459 625 537 timuisse,
651 481 690 523 ne
713 481 779 524 non
801 460 904 524 solum
927 458 1019 537 loris,
1043 459 1096 523 sed
1120 459 1217 523 etiam
1230 460 1409 522 ceterorum

223 569 226 578 '
295 566 424 631 deorum
448 566 564 651 gaudio
588 571 683 650 atque
705 566 848 631 irrisione
870 566 1045 643 luderetur3
1070 567 1183 631 dixisse
1205 566 1305 652 igitur
1328 564 1408 628 Pro-

295 673 456 739 metheum
479 694 604 739 censeo:

553 780 619 874 ,ὡς
643 781 709 867 μήτ’
733 778 839 855 αὐτὸς
863 787 935 868 μήτε
956 805 999 855 τις
1021 781 1123 855 ἄλλος.

361 886 448 954 Num
471 910 544 954 vero
569 887 606 954 de
629 889 795 953 hominurn
808 888 946 954 ludibrio
962 890 1158 974 cogitaverit,
1182 889 1214 953 id
1228 889 1313 973 quod
1327 911 1409 954 non-

294 997 390 1062 nullis
413 997 542 1081 placuit,
567 996 687 1075 dubito,
710 1018 783 1062 cum
805 1019 961 1081 nusquam
985 997 1047 1061 illis
1070 996 1337 1062 crimini-dederit
1358 997 1409 1060 in·

295 1110 403 1191 gratos
426 1105 555 1183 animos,
589 1126 782 1188 quamquam
813 1127 853 1169 ne
880 1104 958 1170 haec
981 1105 1108 1188 quidem
1130 1104 1286 1170 sententia
1309 1102 1411 1168 verbis

294 1235 336 1284 τις
359 1209 462 1286 ἄλλος,
494 1211 607 1295 quibus
638 1215 670 1276 et
697 1212 740 1276 dii
768 1216 894 1296 praeter
917 1211 1025 1277 lovem
1048 1209 1080 1277 et
1101 1211 1245 1277 homines
1267 1232 1410 1294 compre·

296 1318 391 1383 hendi
414 1322 554 1402 possunt,
579 1319 767 1384 excluditur.
813 1318 905 1384 Hanc
927 1320 1153 1404 quaestionem,
1186 1319 1245 1383 etsi
1268 1340 1332 1382 non
1355 1339 1410 1380 ne-

169 1465 179 1471 ·
295 1426 426 1491 cessario
449 1447 521 1490 cum
544 1427 651 1490 metris
674 1427 843 1492 coniuncta
867 1429 923 1505 est,
948 1427 1038 1491 nolui
1061 1426 1325 1511 praetermittere.

362 1531 519 1609 Colorum,
544 1554 625 1616 quae
648 1533 886 1617 antistrophum
910 1534 1044 1598 alteram
1057 1534 1263 1612 circumdant,
1288 1532 1411 1596 numeri

296 1641 329 1704 in
353 1640 511 1705 codicibus
534 1643 622 1704 sunt:

646 1727 684 1796 X.
708 1731 735 1813 β.
759 1725 816 1814 Πρ.
843 1733 893 1795 11.
923 1730 960 1814 β’.
986 1727 1061 1818 6¹l2.

362 1852 461 1919 Nulla
483 1855 582 1940 igitur
606 1854 780 1938 aequalitas
803 1859 945 1939 apparet.
984 1855 1136 1921 Attamen
1159 1863 1325 1939 nunquam
1348 1879 1414 1920 non

296 1961 436 2042 fuerunt,
470 1963 525 2046 qui
548 1985 618 2026 eam
641 1985 659 2026 a
682 1967 776 2046 poeta
798 1962 973 2046 profectam
997 1964 1091 2029 fuisse
1114 1963 1299 2044 iudicarent,
1333 1986 1414 2047 qno·

296 2091 366 2134 rum
389 2070 580 2134 sententiam
603 2091 706 2133 meam
729 2069 831 2133 facere
860 2090 988 2153 prorsus
1011 2091 1076 2134 non
1101 2069 1221 2135 dubito
1269 2069 1353 2135 Nam
1376 2071 1412 2149 is,

298 2177 353 2261 qui
376 2176 480 2241 ultimi
510 2176 689 2261 systematis
721 2177 885 2242 exordium
914 2176 1016 2242 obiter
1047 2182 1175 2242 tantum
1207 2178 1412 2262 perspexerit,

296 2285 402 2349 locum
426 2305 489 2349 esse
512 2285 696 2350 lacunosum
718 2284 877 2364 concedet,
912 2307 983 2348 cum
1016 2306 1155 2368 quonam
1176 2287 1267 2370 rutrq
1300 2285 1343 2351 sit
1365 2308 1413 2348 re-

298 2390 464 2456 ferendum
476 2413 541 2456 non
557 2393 686 2476 liqueat.
725 2391 935 2472 Hermannus,
961 2415 1055 2475 quem
1069 2397 1191 2457 secutus
1207 2397 1254 2458 est
1269 2391 1413 2470 Weilius‚

275 2499 423 2592 ‚rettulit
445 2496 514 2566 ὅταν
536 2501 629 2584 ταὺτῃ
653 2495 763 2585 ῥαισθῇ]
796 2499 836 2564 ad
869 2521 914 2578 ea,
947 2521 1027 2584 quae
1051 2498 1257 2564 Prometheus
1284 2523 1312 2563 v.
1341 2499 1413 2563 169.

298 2606 429 2684 dixerat,
441 2669 443 2674 ,
453 2607 506 2671 sed
523 2629 618 2690 quam
636 2607 697 2690 ipsi
719 2606 794 2671 huic
815 2606 1072 2691 interpretationi
1088 2631 1151 2673 non
1166 2609 1230 2673 sint
1244 2607 1302 2686 fisi,
1317 2606 1414 2672 libere

298 2714 453 2798 aperiunt.
489 2713 634 2778 Fortasse
647 2714 695 2792 iis,
711 2736 791 2798 quae
806 2713 1032 2793 desiderantur,
1058 2715 1095 2780 de
1111 2714 1169 2800 &pq
1182 2713 1300 2800 Κρόνου
1312 2737 1414 2780 sermo

299 2824 377 2900 erat,
410 2820 448 2884 de
480 2843 543 2905 qua
575 2821 718 2904 loquitur
740 2820 946 2886 Prometheus
975 2845 1003 2886 v.
1029 2823 1103 2901 910,
1136 2822 1169 2887 id
1192 2823 1276 2906 quod
1300 2845 1318 2886 a
1340 2845 1414 2888 sen-

298 2929 469 2993 tentiarum
493 2927 694 2992 cohaerentia
718 2949 869 3014 magnam
891 2929 988 2994 habet
1002 2930 1317 2998 commendationem.
1354 2929 1414 2996 Sed

299 3036 376 3100 haec
409 3035 516 3099 omnia
539 3035 659 3100 incerta
681 3038 765 3102 sunt.
812 3035 1050 3101 Demonstrasse
1081 3037 1199 3102 sufficit
1230 3037 1413 3114 sententiae,

298 3165 362 3226 qua
385 3142 461 3207 clim
484 3146 655 3226 systemata
678 3143 819 3207 colorum
842 3165 973 3209 numero
1006 3145 1076 3228 pari
1108 3144 1191 3210 inter
1223 3165 1255 3208 se
1283 3165 1414 3228 respon-

299 3250 377 3315 disse
401 3249 597 3327 couieoimns,
621 3249 702 3313 nihil
726 3250 860 3315 obstare.

365 3355 483 3423 Contra
515 3379 593 3441 quos
624 3358 738 3422 chorus
770 3357 808 3422 de
840 3381 934 3425 curru
968 3359 1156 3424 descendens
1188 3381 1259 3424 cum
1289 3355 1414 3424 Oceano

299 3468 385 3532 alata
416 3465 516 3530 bestia
549 3465 589 3528 ad
621 3487 731 3549 rupem
763 3465 933 3530 advehenti
964 3467 1077 3531 recitat
1112 3468 1300 3550 anapaestos
1332 3466 1414 3529 anti-

298 3573 457 3657 strophioo
490 3572 624 3641 circuitu
656 3595 761 3638 carere
789 3573 1078 3638 animadvertimus.
1125 3574 1198 3638 Duo
1222 3573 1305 3637 enim
1328 3595 1415 3638 corn·

300 3681 384 3766 plexi
400 3683 573 3767 systemata
586 3679 633 3744 ita
642 3683 717 3744 sunt
726 3680 895 3758 distributi,
913 3684 950 3746 ut
961 3681 1096 3746 alterum
1105 3679 1192 3746 chori
1209 3681 1415 3763 (arr-284)

299 3790 340 3853 sit
361 3789 495 3873 περίοδος
519 3785 709 3874 ducentorum
732 3789 1031 3874 τρισκαιδεκάμετρος,
1055 3789 1189 3852 alterum
1205 3786 1322 3853 Oceani
1338 3809 1367 3851 π.
1384 3811 1413 3852 α.

300 3898 458 3983 κζμετρος.
506 3895 627 3960 Eodem
649 3895 745 3960 modo
769 3896 977 3981 antistrophis
1000 3918 1066 3960 non
1089 3897 1306 3979 comprehensi
1331 3897 1413 3974 sunt,

301 4005 356 4088 qui
388 4003 511 4069 duobus
542 4003 752 4088 hypermetris
780 4004 944 4087 compositi
967 4001 1001 4067 lo
1024 4003 1254 4088 ingredientem
1278 4007 1309 4068 et
1330 4023 1415 4066 scae-

303 4133 377 4176 nam
399 4111 629 4196 relinquentem
653 4118 888 4196 prosequuntur
910 4111 1083 4194 anapaesti.

369 4220 581 4285 Artificiosam
611 4241 685 4284 vero
716 4241 901 4303 summaque
938 4219 1103 4304 diligentia
1139 4220 1334 4285 elaboratam
1366 4218 1415 4282 in-

303 4328 444 4391 venimus
467 4331 673 4410 systematum
696 4326 930 4409 copulationem
952 4327 986 4390 in
1010 4325 1136 4391 fabulae
1156 4327 1252 4404 exitu,
1277 4347 1358 4407 quae
1376 4323 1416 4388 ab
